,price,quantity,aux_quantity,midprice,type_A,type_M,type_T,side_A,side_B
20000,22440000000,5400,0,22450000000.0,1,0,0,0,1
20001,22650000000,500,0,22545000000.0,1,0,0,1,0
20002,22440000000,5400,0,22545000000.0,1,0,0,0,1
20003,22450000000,562,4038,22445000000.0,0,0,1,1,0
20004,22440000000,6900,0,22445000000.0,1,0,0,0,1
20005,22440000000,5400,0,22455000000.0,1,0,0,0,1
20006,22590000000,200,0,22455000000.0,1,0,0,1,0
20007,22480000000,7600,1500,22460000000.0,0,1,0,1,0
20008,22500000000,200,0,22460000000.0,1,0,0,1,0
20009,22430000000,900,0,22455000000.0,1,0,0,0,1
20010,22480000000,1000,0,22455000000.0,1,0,0,1,0
20011,22420000000,100,0,22460000000.0,1,0,0,0,1
20012,22450000000,200,0,22460000000.0,1,0,0,0,1
20013,22460000000,5400,0,22415000000.0,1,0,0,1,0
20014,22470000000,1500,2000,22415000000.0,0,1,0,1,0
20015,22460000000,300,0,22410000000.0,1,0,0,1,0
20016,22460000000,700,0,22410000000.0,1,0,0,1,0
20017,22360000000,1700,0,22455000000.0,1,0,0,0,1
20018,22510000000,300,0,22455000000.0,1,0,0,1,0
20019,22450000000,74,0,22475000000.0,1,0,0,0,1
20020,22540000000,100,0,22475000000.0,1,0,0,1,0
20021,22450000000,100,0,22455000000.0,1,0,0,0,1
20022,22460000000,1000,1400,22455000000.0,0,0,1,1,0
20023,22450000000,500,0,22475000000.0,1,0,0,0,1
20024,22450000000,300,0,22475000000.0,1,0,0,0,1
20025,22450000000,5400,0,22455000000.0,1,0,0,0,1
20026,22510000000,400,0,22455000000.0,1,0,0,1,0
20027,22470000000,300,0,22460000000.0,1,0,0,1,0
20028,22420000000,200,0,22460000000.0,1,0,0,0,1
20029,22450000000,5400,0,22470000000.0,1,0,0,0,1
20030,22450000000,500,0,22470000000.0,1,0,0,0,1
20031,22460000000,600,0,22415000000.0,1,0,0,1,0
20032,22460000000,16,700,22415000000.0,0,1,0,1,0
20033,22460000000,5400,0,22450000000.0,1,0,0,1,0
20034,22360000000,200,0,22450000000.0,1,0,0,0,1
20035,22490000000,300,300,22470000000.0,0,1,0,1,0
20036,22450000000,100,0,22470000000.0,1,0,0,0,1
20037,22460000000,300,1100,22455000000.0,0,1,0,1,0
20038,22440000000,1200,0,22455000000.0,1,0,0,0,1
20039,22420000000,200,0,22475000000.0,1,0,0,0,1
20040,22460000000,500,0,22475000000.0,1,0,0,1,0
20041,22480000000,700,0,22450000000.0,1,0,0,1,0
20042,22460000000,400,0,22450000000.0,1,0,0,1,0
20043,22370000000,200,0,22415000000.0,1,0,0,0,1
20044,22460000000,500,0,22415000000.0,1,0,0,1,0
20045,22460000000,500,0,22455000000.0,1,0,0,1,0
20046,22450000000,5400,0,22455000000.0,1,0,0,0,1
20047,22490000000,300,300,22470000000.0,0,1,0,1,0
20048,22470000000,1900,1800,22470000000.0,0,1,0,1,0
20049,22450000000,5400,0,22460000000.0,1,0,0,0,1
20050,22450000000,500,0,22460000000.0,1,0,0,0,1
20051,22360000000,200,0,22430000000.0,1,0,0,0,1
20052,22480000000,1700,0,22430000000.0,1,0,0,1,0
20053,22430000000,200,0,22480000000.0,1,0,0,0,1
20054,22460000000,200,0,22480000000.0,1,0,0,1,0
20055,22460000000,200,0,22450000000.0,1,0,0,1,0
20056,22460000000,8600,8600,22450000000.0,0,1,0,1,0
20057,22460000000,5400,0,22445000000.0,1,0,0,1,0
20058,22310000000,200,0,22445000000.0,1,0,0,0,1
20059,22310000000,1000,0,22385000000.0,1,0,0,0,1
20060,22370000000,1000,0,22385000000.0,1,0,0,0,1
20061,22440000000,5400,0,22445000000.0,1,0,0,0,1
20062,22480000000,100,0,22445000000.0,1,0,0,1,0
20063,22440000000,200,0,22450000000.0,1,0,0,0,1
20064,22450000000,600,1100,22450000000.0,0,1,0,1,0
20065,22450000000,5400,0,22445000000.0,1,0,0,1,0
20066,22440000000,1000,1000,22445000000.0,0,1,0,1,0
20067,22440000000,1000,0,22435000000.0,1,0,0,1,0
20068,22520000000,100,0,22435000000.0,1,0,0,1,0
20069,22420000000,700,0,22430000000.0,1,0,0,0,1
20070,22430000000,200,0,22430000000.0,1,0,0,0,1
20071,22430000000,5400,0,22455000000.0,1,0,0,0,1
20072,22410000000,2300,2500,22455000000.0,0,1,0,0,1
20073,22430000000,5400,0,22450000000.0,1,0,0,0,1
20074,22430000000,800,0,22450000000.0,1,0,0,0,1
20075,22400000000,400,0,22430000000.0,1,0,0,0,1
20076,22420000000,900,0,22430000000.0,1,0,0,0,1
20077,22440000000,288,12,22435000000.0,0,0,1,1,0
20078,22510000000,400,0,22435000000.0,1,0,0,1,0
20079,22440000000,500,0,22445000000.0,1,0,0,0,1
20080,22440000000,600,0,22445000000.0,1,0,0,0,1
20081,22440000000,300,0,22450000000.0,1,0,0,0,1
20082,22380000000,200,0,22450000000.0,1,0,0,0,1
20083,22450000000,1000,1400,22445000000.0,0,1,0,1,0
20084,22440000000,200,0,22445000000.0,1,0,0,0,1
20085,22490000000,400,0,22460000000.0,1,0,0,1,0
20086,22460000000,200,0,22460000000.0,1,0,0,1,0
20087,22420000000,200,0,22470000000.0,1,0,0,0,1
20088,22420000000,900,0,22470000000.0,1,0,0,0,1
20089,22450000000,600,4600,22445000000.0,0,0,1,1,0
20090,22440000000,8000,0,22445000000.0,1,0,0,0,1
20091,22450000000,217,2783,22450000000.0,0,0,1,1,0
20092,22380000000,400,0,22450000000.0,1,0,0,0,1
20093,22450000000,300,0,22455000000.0,1,0,0,0,1
20094,22430000000,400,0,22455000000.0,1,0,0,0,1
20095,22440000000,100,0,23015000000.0,1,0,0,0,1
20096,22460000000,400,0,23015000000.0,1,0,0,1,0
20097,22450000000,600,800,22455000000.0,0,1,0,0,1
20098,22460000000,300,0,22455000000.0,1,0,0,1,0
20099,22440000000,500,0,22465000000.0,1,0,0,0,1
20100,22420000000,200,0,22465000000.0,1,0,0,0,1
20101,22430000000,200,0,22480000000.0,1,0,0,0,1
20102,22490000000,100,0,22480000000.0,1,0,0,1,0
20103,22460000000,5400,0,22450000000.0,1,0,0,1,0
20104,22550000000,100,0,22450000000.0,1,0,0,1,0
20105,22460000000,500,0,22445000000.0,1,0,0,1,0
20106,22450000000,1000,0,22445000000.0,1,0,0,1,0
20107,22450000000,5400,0,22440000000.0,1,0,0,1,0
20108,22450000000,800,0,22440000000.0,1,0,0,1,0
20109,22440000000,4130,3870,22445000000.0,0,0,1,0,1
20110,22450000000,300,0,22445000000.0,1,0,0,1,0
20111,22450000000,300,0,22435000000.0,1,0,0,1,0
20112,22430000000,500,0,22435000000.0,1,0,0,0,1
20113,22470000000,300,300,22450000000.0,0,1,0,1,0
20114,22430000000,7600,0,22450000000.0,1,0,0,0,1
20115,22440000000,500,0,22445000000.0,1,0,0,0,1
20116,22440000000,300,0,22445000000.0,1,0,0,0,1
20117,22370000000,100,0,22430000000.0,1,0,0,0,1
20118,22490000000,454,454,22430000000.0,0,1,0,1,0
20119,22440000000,300,900,22445000000.0,0,1,0,0,1
20120,22450000000,454,454,22445000000.0,0,1,0,1,0
20121,22420000000,2300,2600,22480000000.0,0,1,0,0,1
20122,22430000000,300,0,22480000000.0,1,0,0,0,1
20123,22370000000,100,0,22460000000.0,1,0,0,0,1
20124,22450000000,800,0,22460000000.0,1,0,0,1,0
20125,22450000000,5400,0,22445000000.0,1,0,0,1,0
20126,22430000000,500,0,22445000000.0,1,0,0,0,1
20127,22450000000,100,0,22425000000.0,1,0,0,1,0
20128,22520000000,100,0,22425000000.0,1,0,0,1,0
20129,22410000000,1000,0,22445000000.0,1,0,0,0,1
20130,22450000000,200,0,22445000000.0,1,0,0,1,0
20131,22450000000,500,0,22440000000.0,1,0,0,1,0
20132,22450000000,5400,0,22440000000.0,1,0,0,1,0
20133,22380000000,500,0,22415000000.0,1,0,0,0,1
20134,22450000000,5400,0,22415000000.0,1,0,0,1,0
20135,22450000000,5400,0,22440000000.0,1,0,0,1,0
20136,22450000000,6100,0,22440000000.0,1,0,0,1,0
20137,22420000000,500,0,22435000000.0,1,0,0,0,1
20138,22450000000,5400,0,22435000000.0,1,0,0,1,0
20139,22450000000,500,0,22420000000.0,1,0,0,1,0
20140,22450000000,5400,0,22420000000.0,1,0,0,1,0
20141,22360000000,100,0,22435000000.0,1,0,0,0,1
20142,22450000000,251,0,22435000000.0,1,0,0,1,0
20143,22450000000,100,0,22440000000.0,1,0,0,1,0
20144,22370000000,200,0,22440000000.0,1,0,0,0,1
20145,22380000000,300,0,22410000000.0,1,0,0,0,1
20146,22400000000,1200,1200,22410000000.0,0,1,0,0,1
20147,22440000000,300,0,22425000000.0,1,0,0,1,0
20148,22440000000,300,0,22425000000.0,1,0,0,1,0
20149,22440000000,5400,0,22430000000.0,1,0,0,1,0
20150,22440000000,200,0,22430000000.0,1,0,0,1,0
20151,22430000000,1100,1900,22435000000.0,0,0,1,0,1
20152,22440000000,300,0,22435000000.0,1,0,0,1,0
20153,22440000000,300,0,22430000000.0,1,0,0,1,0
20154,22430000000,900,0,22430000000.0,1,0,0,1,0
20155,23560000000,100,100,22420000000.0,0,1,0,1,0
20156,22440000000,5400,0,22420000000.0,1,0,0,1,0
20157,22410000000,500,0,22425000000.0,1,0,0,0,1
20158,22440000000,300,0,22425000000.0,1,0,0,1,0
20159,22410000000,1403,0,22430000000.0,1,0,0,0,1
20160,22440000000,300,0,22430000000.0,1,0,0,1,0
20161,22440000000,300,0,22415000000.0,1,0,0,1,0
20162,22440000000,300,0,22415000000.0,1,0,0,1,0
20163,22440000000,100,0,22425000000.0,1,0,0,1,0
20164,22430000000,100,100,22425000000.0,0,1,0,1,0
20165,21290000000,100,100,22360000000.0,0,1,0,0,1
20166,22430000000,200,0,22360000000.0,1,0,0,1,0
20167,22420000000,100,0,22425000000.0,1,0,0,0,1
20168,22450000000,5000,0,22425000000.0,1,0,0,1,0
20169,22430000000,100,0,22360000000.0,1,0,0,1,0
20170,22430000000,100,0,22360000000.0,1,0,0,1,0
20171,22350000000,100,0,22425000000.0,1,0,0,0,1
20172,22420000000,5400,0,22425000000.0,1,0,0,0,1
20173,22420000000,700,0,22445000000.0,1,0,0,0,1
20174,22450000000,300,0,22445000000.0,1,0,0,1,0
20175,22390000000,400,0,22420000000.0,1,0,0,0,1
20176,22500000000,100,0,22420000000.0,1,0,0,1,0
20177,22470000000,200,0,22425000000.0,1,0,0,1,0
20178,22440000000,100,0,22425000000.0,1,0,0,1,0
20179,22420000000,5500,0,22435000000.0,1,0,0,0,1
20180,22430000000,600,0,22435000000.0,1,0,0,0,1
20181,22370000000,200,0,22425000000.0,1,0,0,0,1
20182,22440000000,300,0,22425000000.0,1,0,0,1,0
20183,22440000000,300,0,22400000000.0,1,0,0,1,0
20184,22400000000,200,0,22400000000.0,1,0,0,0,1
20185,22400000000,1000,0,22435000000.0,1,0,0,0,1
20186,22440000000,1000,0,22435000000.0,1,0,0,1,0
20187,22410000000,900,0,22425000000.0,1,0,0,0,1
20188,22440000000,1200,0,22425000000.0,1,0,0,1,0
20189,22430000000,300,0,22435000000.0,1,0,0,0,1
20190,22430000000,100,0,22435000000.0,1,0,0,0,1
20191,22480000000,454,454,22440000000.0,0,1,0,1,0
20192,22430000000,700,0,22440000000.0,1,0,0,0,1
20193,22410000000,1600,0,22450000000.0,1,0,0,0,1
20194,22440000000,1300,1400,22450000000.0,0,1,0,1,0
20195,22430000000,100,800,22435000000.0,0,1,0,0,1
20196,22440000000,1000,1300,22435000000.0,0,1,0,1,0
20197,22430000000,300,0,22460000000.0,1,0,0,0,1
20198,22450000000,100,0,22460000000.0,1,0,0,1,0
20199,22440000000,10,0,22445000000.0,1,0,0,0,1
20200,22430000000,500,0,22445000000.0,1,0,0,0,1
20201,23570000000,100,100,22480000000.0,0,1,0,1,0
20202,22440000000,2100,0,22480000000.0,1,0,0,0,1
20203,22440000000,5500,0,22445000000.0,1,0,0,0,1
20204,22450000000,300,0,22445000000.0,1,0,0,1,0
20205,22430000000,500,0,22440000000.0,1,0,0,0,1
20206,22530000000,1000,0,22440000000.0,1,0,0,1,0
20207,22410000000,1000,0,22445000000.0,1,0,0,0,1
20208,22450000000,500,0,22445000000.0,1,0,0,1,0
20209,22450000000,300,0,22440000000.0,1,0,0,1,0
20210,22490000000,100,0,22440000000.0,1,0,0,1,0
20211,22450000000,5600,0,22445000000.0,1,0,0,1,0
20212,22440000000,200,0,22445000000.0,1,0,0,0,1
20213,22440000000,5600,0,22505000000.0,1,0,0,0,1
20214,22410000000,1300,0,22505000000.0,1,0,0,0,1
20215,22390000000,200,0,22440000000.0,1,0,0,0,1
20216,22450000000,500,0,22440000000.0,1,0,0,1,0
20217,22440000000,41,768,22445000000.0,0,0,1,0,1
20218,22450000000,755,0,22445000000.0,1,0,0,1,0
20219,22440000000,2800,0,22430000000.0,1,0,0,1,0
20220,21300000000,100,100,22430000000.0,0,1,0,0,1
20221,22440000000,454,454,22435000000.0,0,1,0,1,0
20222,22410000000,1800,0,22435000000.0,1,0,0,0,1
20223,22480000000,454,454,22455000000.0,0,1,0,1,0
20224,18440000000,542,0,22455000000.0,1,0,0,0,1
20225,22400000000,1000,0,22430000000.0,1,0,0,0,1
20226,22530000000,100,0,22430000000.0,1,0,0,1,0
20227,22430000000,100,0,22435000000.0,1,0,0,0,1
20228,22440000000,100,0,22435000000.0,1,0,0,1,0
20229,22450000000,8600,8600,22440000000.0,0,1,0,1,0
20230,22450000000,500,0,22440000000.0,1,0,0,1,0
20231,22430000000,300,0,22435000000.0,1,0,0,0,1
20232,22440000000,536,64,22435000000.0,0,0,1,1,0
20233,22430000000,5100,0,22445000000.0,1,0,0,0,1
20234,22450000000,300,0,22445000000.0,1,0,0,1,0
20235,22450000000,300,0,22435000000.0,1,0,0,1,0
20236,22450000000,300,0,22435000000.0,1,0,0,1,0
20237,22450000000,5400,0,22440000000.0,1,0,0,1,0
20238,22430000000,200,0,22440000000.0,1,0,0,0,1
20239,22450000000,800,0,22435000000.0,1,0,0,1,0
20240,22430000000,1100,0,22435000000.0,1,0,0,0,1
20241,22450000000,500,0,22440000000.0,1,0,0,1,0
20242,22450000000,5600,0,22440000000.0,1,0,0,1,0
20243,21300000000,100,100,22430000000.0,0,1,0,0,1
20244,22440000000,900,0,22430000000.0,1,0,0,1,0
20245,22360000000,100,0,22435000000.0,1,0,0,0,1
20246,22490000000,100,0,22435000000.0,1,0,0,1,0
20247,22430000000,300,0,22450000000.0,1,0,0,0,1
20248,22430000000,300,0,22450000000.0,1,0,0,0,1
20249,22430000000,100,800,22435000000.0,0,1,0,0,1
20250,22520000000,100,0,22435000000.0,1,0,0,1,0
20251,22440000000,500,0,22430000000.0,1,0,0,1,0
20252,22450000000,8600,8600,22430000000.0,0,1,0,1,0
20253,22430000000,1403,0,22450000000.0,1,0,0,0,1
20254,22430000000,3700,0,22450000000.0,1,0,0,0,1
20255,22430000000,800,0,22440000000.0,1,0,0,0,1
20256,22350000000,300,0,22440000000.0,1,0,0,0,1
20257,22430000000,5600,0,22435000000.0,1,0,0,0,1
20258,22440000000,1000,0,22435000000.0,1,0,0,1,0
20259,22420000000,2500,0,22430000000.0,1,0,0,0,1
20260,22440000000,5600,0,22430000000.0,1,0,0,1,0
20261,22300000000,200,0,22370000000.0,1,0,0,0,1
20262,22450000000,100,0,22370000000.0,1,0,0,1,0
20263,22440000000,5600,0,22435000000.0,1,0,0,1,0
20264,22370000000,500,0,22435000000.0,1,0,0,0,1
20265,22440000000,200,0,22420000000.0,1,0,0,1,0
20266,22440000000,454,454,22420000000.0,0,1,0,1,0
20267,22420000000,700,0,22425000000.0,1,0,0,0,1
20268,22440000000,100,0,22425000000.0,1,0,0,1,0
20269,22350000000,100,0,22395000000.0,1,0,0,0,1
20270,22440000000,300,0,22395000000.0,1,0,0,1,0
20271,22410000000,500,0,22425000000.0,1,0,0,0,1
20272,22440000000,100,0,22425000000.0,1,0,0,1,0
20273,22430000000,200,0,22360000000.0,1,0,0,1,0
20274,22430000000,100,0,22360000000.0,1,0,0,1,0
20275,21290000000,100,100,21860000000.0,0,1,0,0,1
20276,22430000000,100,0,21860000000.0,1,0,0,1,0
20277,22430000000,400,0,22425000000.0,1,0,0,1,0
20278,22420000000,100,0,22425000000.0,1,0,0,0,1
20279,22390000000,400,0,22420000000.0,1,0,0,0,1
20280,22320000000,200,0,22420000000.0,1,0,0,0,1
20281,22420000000,100,0,22425000000.0,1,0,0,0,1
20282,22430000000,2314,0,22425000000.0,1,0,0,1,0
20283,22450000000,600,0,22420000000.0,1,0,0,1,0
20284,22390000000,1000,0,22420000000.0,1,0,0,0,1
20285,22430000000,5600,0,22400000000.0,1,0,0,1,0
20286,22430000000,5600,0,22400000000.0,1,0,0,1,0
20287,22430000000,4900,0,22415000000.0,1,0,0,1,0
20288,22430000000,200,0,22415000000.0,1,0,0,1,0
20289,22330000000,400,400,22410000000.0,0,1,0,0,1
20290,22410000000,500,0,22410000000.0,1,0,0,0,1
20291,22330000000,500,0,22415000000.0,1,0,0,0,1
20292,22500000000,200,0,22415000000.0,1,0,0,1,0
20293,22380000000,400,0,22410000000.0,1,0,0,0,1
20294,22400000000,1403,0,22410000000.0,1,0,0,0,1
20295,22420000000,2800,5600,22415000000.0,0,1,0,1,0
20296,22450000000,100,0,22415000000.0,1,0,0,1,0
20297,22450000000,300,300,22430000000.0,0,1,0,1,0
20298,22410000000,100,800,22430000000.0,0,1,0,0,1
20299,22420000000,200,300,22415000000.0,0,1,0,1,0
20300,22450000000,100,0,22415000000.0,1,0,0,1,0
20301,22380000000,1000,0,22410000000.0,1,0,0,0,1
20302,22420000000,100,0,22410000000.0,1,0,0,1,0
20303,22420000000,300,0,22390000000.0,1,0,0,1,0
20304,22420000000,300,0,22390000000.0,1,0,0,1,0
20305,22440000000,300,0,22410000000.0,1,0,0,1,0
20306,22390000000,4100,0,22410000000.0,1,0,0,0,1
20307,22330000000,200,0,22395000000.0,1,0,0,0,1
20308,22460000000,100,0,22395000000.0,1,0,0,1,0
20309,22420000000,100,200,22415000000.0,0,1,0,1,0
20310,22410000000,1403,0,22415000000.0,1,0,0,0,1
20311,22410000000,2500,2500,22430000000.0,0,1,0,0,1
20312,22410000000,55,0,22430000000.0,1,0,0,0,1
20313,22400000000,200,0,22440000000.0,1,0,0,0,1
20314,22420000000,400,0,22440000000.0,1,0,0,1,0
20315,22390000000,200,0,22445000000.0,1,0,0,0,1
20316,22420000000,200,0,22445000000.0,1,0,0,1,0
20317,22420000000,100,0,22405000000.0,1,0,0,1,0
20318,22450000000,100,0,22405000000.0,1,0,0,1,0
20319,22420000000,200,0,22410000000.0,1,0,0,1,0
20320,22420000000,700,0,22410000000.0,1,0,0,1,0
20321,22420000000,5400,0,22415000000.0,1,0,0,1,0
20322,22410000000,200,0,22415000000.0,1,0,0,0,1
20323,22400000000,100,0,22445000000.0,1,0,0,0,1
20324,22430000000,1200,0,22445000000.0,1,0,0,1,0
20325,22460000000,454,454,22435000000.0,0,1,0,1,0
20326,22420000000,1000,0,22435000000.0,1,0,0,1,0
20327,22320000000,200,0,22380000000.0,1,0,0,0,1
20328,22370000000,200,0,22380000000.0,1,0,0,0,1
20329,22410000000,5400,0,22430000000.0,1,0,0,0,1
20330,22410000000,900,0,22430000000.0,1,0,0,0,1
20331,22410000000,5400,0,22420000000.0,1,0,0,0,1
20332,22410000000,100,0,22420000000.0,1,0,0,0,1
20333,22420000000,400,0,22415000000.0,1,0,0,1,0
20334,22500000000,200,0,22415000000.0,1,0,0,1,0
20335,22410000000,3000,0,22420000000.0,1,0,0,0,1
20336,21290000000,100,100,22420000000.0,0,1,0,0,1
20337,22420000000,10,0,22425000000.0,1,0,0,0,1
20338,22420000000,5400,0,22425000000.0,1,0,0,0,1
20339,22470000000,454,454,22445000000.0,0,1,0,1,0
20340,22420000000,5400,0,22445000000.0,1,0,0,0,1
20341,22420000000,5400,0,22440000000.0,1,0,0,0,1
20342,22470000000,100,0,22440000000.0,1,0,0,1,0
20343,22390000000,1000,0,22420000000.0,1,0,0,0,1
20344,22420000000,900,0,22420000000.0,1,0,0,0,1
20345,22460000000,300,300,22440000000.0,0,1,0,1,0
20346,22410000000,100,0,22440000000.0,1,0,0,0,1
20347,22420000000,5400,0,22435000000.0,1,0,0,0,1
20348,22400000000,200,0,22435000000.0,1,0,0,0,1
20349,22330000000,1600,0,22425000000.0,1,0,0,0,1
20350,22420000000,900,0,22425000000.0,1,0,0,0,1
20351,22490000000,300,0,22430000000.0,1,0,0,1,0
20352,22440000000,100,0,22430000000.0,1,0,0,1,0
20353,22420000000,4600,0,22435000000.0,1,0,0,0,1
20354,22350000000,1000,0,22435000000.0,1,0,0,0,1
20355,22360000000,100,0,22430000000.0,1,0,0,0,1
20356,22430000000,533,800,22430000000.0,0,1,0,0,1
20357,22430000000,400,0,22440000000.0,1,0,0,0,1
20358,22470000000,100,0,22440000000.0,1,0,0,1,0
20359,22440000000,5400,0,22430000000.0,1,0,0,1,0
20360,22440000000,800,0,22430000000.0,1,0,0,1,0
20361,22440000000,400,0,22425000000.0,1,0,0,1,0
20362,22440000000,200,300,22425000000.0,0,1,0,1,0
20363,22430000000,300,0,22435000000.0,1,0,0,0,1
20364,22430000000,200,0,22435000000.0,1,0,0,0,1
20365,22360000000,200,0,22405000000.0,1,0,0,0,1
20366,22440000000,700,0,22405000000.0,1,0,0,1,0
20367,22400000000,1000,0,22430000000.0,1,0,0,0,1
20368,22440000000,4500,0,22430000000.0,1,0,0,1,0
20369,22410000000,500,0,22425000000.0,1,0,0,0,1
20370,22440000000,5400,0,22425000000.0,1,0,0,1,0
20371,22420000000,100,0,22430000000.0,1,0,0,0,1
20372,22440000000,5400,0,22430000000.0,1,0,0,1,0
20373,22440000000,300,0,22425000000.0,1,0,0,1,0
20374,22450000000,200,0,22425000000.0,1,0,0,1,0
20375,22430000000,454,454,22420000000.0,0,1,0,1,0
20376,22440000000,100,0,22420000000.0,1,0,0,1,0
20377,22430000000,200,0,22360000000.0,1,0,0,1,0
20378,22450000000,100,0,22360000000.0,1,0,0,1,0
20379,22430000000,5400,0,22415000000.0,1,0,0,1,0
20380,22430000000,300,0,22415000000.0,1,0,0,1,0
20381,22430000000,300,0,22410000000.0,1,0,0,1,0
20382,22420000000,100,0,22410000000.0,1,0,0,1,0
20383,22420000000,900,0,21850000000.0,1,0,0,1,0
20384,22420000000,454,454,21850000000.0,0,1,0,1,0
20385,22340000000,100,0,22415000000.0,1,0,0,0,1
20386,22430000000,400,0,22415000000.0,1,0,0,1,0
20387,22380000000,400,0,22410000000.0,1,0,0,0,1
20388,22410000000,300,0,22410000000.0,1,0,0,0,1
20389,22380000000,300,0,22405000000.0,1,0,0,0,1
20390,22430000000,500,0,22405000000.0,1,0,0,1,0
20391,22410000000,600,0,22425000000.0,1,0,0,0,1
20392,22430000000,200,0,22425000000.0,1,0,0,1,0
20393,22430000000,200,0,22380000000.0,1,0,0,1,0
20394,22360000000,200,0,22380000000.0,1,0,0,0,1
20395,22390000000,1000,0,22420000000.0,1,0,0,0,1
20396,22430000000,200,0,22420000000.0,1,0,0,1,0
20397,22430000000,600,0,22425000000.0,1,0,0,1,0
20398,22420000000,2500,2500,22425000000.0,0,1,0,0,1
20399,22420000000,100,0,22445000000.0,1,0,0,0,1
20400,22480000000,100,0,22445000000.0,1,0,0,1,0
20401,22420000000,300,0,22425000000.0,1,0,0,0,1
20402,22420000000,300,0,22425000000.0,1,0,0,0,1
20403,22480000000,500,0,22415000000.0,1,0,0,1,0
20404,22520000000,100,0,22415000000.0,1,0,0,1,0
20405,22420000000,5400,0,22435000000.0,1,0,0,0,1
20406,22430000000,100,0,22435000000.0,1,0,0,1,0
20407,22440000000,100,0,22425000000.0,1,0,0,1,0
20408,22430000000,55,8545,22425000000.0,0,0,1,1,0
20409,22420000000,300,0,22435000000.0,1,0,0,0,1
20410,22440000000,454,0,22435000000.0,1,0,0,1,0
20411,22420000000,200,0,22430000000.0,1,0,0,0,1
20412,22410000000,400,0,22430000000.0,1,0,0,0,1
20413,22440000000,428,172,22435000000.0,0,0,1,1,0
20414,22430000000,5800,0,22435000000.0,1,0,0,0,1
20415,22430000000,5000,0,22445000000.0,1,0,0,0,1
20416,22450000000,5400,0,22445000000.0,1,0,0,1,0
20417,22440000000,300,0,23010000000.0,1,0,0,0,1
20418,22420000000,400,0,23010000000.0,1,0,0,0,1
20419,22440000000,400,735,22445000000.0,0,0,1,0,1
20420,22440000000,100,0,22445000000.0,1,0,0,0,1
20421,22420000000,400,0,22450000000.0,1,0,0,0,1
20422,22440000000,800,0,22450000000.0,1,0,0,0,1
20423,22440000000,500,0,22475000000.0,1,0,0,0,1
20424,22440000000,400,0,22475000000.0,1,0,0,0,1
20425,22400000000,200,0,22445000000.0,1,0,0,0,1
20426,22450000000,1000,0,22445000000.0,1,0,0,1,0
20427,22450000000,400,0,22440000000.0,1,0,0,1,0
20428,22450000000,3300,0,22440000000.0,1,0,0,1,0
20429,22450000000,5400,0,22435000000.0,1,0,0,1,0
20430,22450000000,5400,0,22435000000.0,1,0,0,1,0
20431,22450000000,1000,0,22445000000.0,1,0,0,1,0
20432,22450000000,5400,0,22445000000.0,1,0,0,1,0
20433,22430000000,100,0,22435000000.0,1,0,0,0,1
20434,22450000000,3400,0,22435000000.0,1,0,0,1,0
20435,22440000000,400,0,22430000000.0,1,0,0,1,0
20436,22440000000,1038,0,22430000000.0,1,0,0,1,0
20437,22300000000,200,0,22435000000.0,1,0,0,0,1
20438,22430000000,500,1000,22435000000.0,0,1,0,0,1
20439,22420000000,200,0,22470000000.0,1,0,0,0,1
20440,21750000000,50,0,22470000000.0,1,0,0,0,1
20441,22440000000,200,965,22435000000.0,0,0,1,1,0
20442,22450000000,100,0,22435000000.0,1,0,0,1,0
20443,22440000000,1035,3,22440000000.0,0,0,1,1,0
20444,22440000000,10,0,22440000000.0,1,0,0,0,1
20445,22450000000,5400,0,22445000000.0,1,0,0,1,0
20446,22450000000,100,0,22445000000.0,1,0,0,1,0
20447,22450000000,1900,0,22440000000.0,1,0,0,1,0
20448,22450000000,100,0,22440000000.0,1,0,0,1,0
20449,22450000000,5400,0,22445000000.0,1,0,0,1,0
20450,22450000000,300,0,22445000000.0,1,0,0,1,0
20451,22330000000,200,0,22410000000.0,1,0,0,0,1
20452,22450000000,200,0,22410000000.0,1,0,0,1,0
20453,22450000000,300,0,22435000000.0,1,0,0,1,0
20454,22430000000,100,0,22435000000.0,1,0,0,0,1
20455,22460000000,200,0,22430000000.0,1,0,0,1,0
20456,22400000000,200,0,22430000000.0,1,0,0,0,1
20457,22440000000,500,0,22435000000.0,1,0,0,1,0
20458,22430000000,700,0,22435000000.0,1,0,0,0,1
20459,22430000000,400,0,22445000000.0,1,0,0,0,1
20460,22420000000,400,0,22445000000.0,1,0,0,0,1
20461,22450000000,700,0,22440000000.0,1,0,0,1,0
20462,22430000000,1000,0,22440000000.0,1,0,0,0,1
20463,22450000000,700,0,22435000000.0,1,0,0,1,0
20464,22430000000,1000,0,22435000000.0,1,0,0,0,1
20465,22340000000,200,0,22430000000.0,1,0,0,0,1
20466,22410000000,1200,0,22430000000.0,1,0,0,0,1
20467,22530000000,100,0,22470000000.0,1,0,0,1,0
20468,22410000000,200,0,22470000000.0,1,0,0,0,1
20469,22430000000,900,0,22435000000.0,1,0,0,0,1
20470,22440000000,200,0,22435000000.0,1,0,0,1,0
20471,22330000000,200,0,22405000000.0,1,0,0,0,1
20472,22440000000,200,300,22405000000.0,0,1,0,1,0
20473,22440000000,100,0,22430000000.0,1,0,0,1,0
20474,22440000000,77,0,22430000000.0,1,0,0,1,0
20475,22380000000,200,0,22420000000.0,1,0,0,0,1
20476,22440000000,200,0,22420000000.0,1,0,0,1,0
20477,22440000000,200,0,22435000000.0,1,0,0,1,0
20478,22470000000,100,0,22435000000.0,1,0,0,1,0
20479,22440000000,400,0,22430000000.0,1,0,0,1,0
20480,22440000000,300,0,22430000000.0,1,0,0,1,0
20481,22330000000,200,0,22390000000.0,1,0,0,0,1
20482,22440000000,100,0,22390000000.0,1,0,0,1,0
20483,22440000000,300,0,22435000000.0,1,0,0,1,0
20484,22440000000,5400,0,22435000000.0,1,0,0,1,0
20485,22440000000,800,0,22425000000.0,1,0,0,1,0
20486,22430000000,300,0,22425000000.0,1,0,0,1,0
20487,22410000000,1403,0,22420000000.0,1,0,0,0,1
20488,22460000000,100,0,22420000000.0,1,0,0,1,0
20489,22420000000,200,0,22430000000.0,1,0,0,0,1
20490,22460000000,300,0,22430000000.0,1,0,0,1,0
20491,22390000000,400,0,22420000000.0,1,0,0,0,1
20492,22430000000,2700,5400,22420000000.0,0,1,0,1,0
20493,22380000000,200,0,22425000000.0,1,0,0,0,1
20494,22420000000,1000,0,22425000000.0,1,0,0,0,1
20495,22390000000,1000,0,22420000000.0,1,0,0,0,1
20496,22430000000,6600,0,22420000000.0,1,0,0,1,0
20497,22430000000,5400,0,22415000000.0,1,0,0,1,0
20498,22380000000,200,0,22415000000.0,1,0,0,0,1
20499,22380000000,400,0,22410000000.0,1,0,0,0,1
20500,22470000000,100,0,22410000000.0,1,0,0,1,0
20501,22420000000,300,300,22415000000.0,0,1,0,1,0
20502,22420000000,100,0,22415000000.0,1,0,0,1,0
20503,22330000000,200,0,22435000000.0,1,0,0,0,1
20504,22410000000,700,0,22435000000.0,1,0,0,0,1
20505,22380000000,1000,0,22410000000.0,1,0,0,0,1
20506,22420000000,100,0,22410000000.0,1,0,0,1,0
20507,22420000000,100,0,22415000000.0,1,0,0,1,0
20508,22410000000,300,0,22415000000.0,1,0,0,0,1
20509,22410000000,300,0,22420000000.0,1,0,0,0,1
20510,22420000000,100,0,22420000000.0,1,0,0,1,0
20511,22420000000,400,0,22415000000.0,1,0,0,1,0
20512,22410000000,100,0,22415000000.0,1,0,0,0,1
20513,22320000000,200,0,22385000000.0,1,0,0,0,1
20514,22370000000,200,0,22385000000.0,1,0,0,0,1
20515,22410000000,500,0,22430000000.0,1,0,0,0,1
20516,22490000000,100,0,22430000000.0,1,0,0,1,0
20517,22500000000,100,0,22455000000.0,1,0,0,1,0
20518,22320000000,200,0,22455000000.0,1,0,0,0,1
20519,22410000000,5200,0,22430000000.0,1,0,0,0,1
20520,22420000000,200,0,22430000000.0,1,0,0,1,0
20521,22420000000,100,200,22405000000.0,0,1,0,1,0
20522,22400000000,100,0,22405000000.0,1,0,0,0,1
20523,22450000000,300,300,22430000000.0,0,1,0,1,0
20524,22420000000,100,400,22430000000.0,0,1,0,1,0
20525,22380000000,200,0,22440000000.0,1,0,0,0,1
20526,22410000000,5200,0,22440000000.0,1,0,0,0,1
20527,22410000000,5200,0,22420000000.0,1,0,0,0,1
20528,22430000000,5200,0,22420000000.0,1,0,0,1,0
20529,22430000000,1000,0,22425000000.0,1,0,0,1,0
20530,22460000000,100,0,22425000000.0,1,0,0,1,0
20531,22360000000,200,0,22405000000.0,1,0,0,0,1
20532,22420000000,1403,0,22405000000.0,1,0,0,0,1
20533,22420000000,5200,0,22425000000.0,1,0,0,0,1
20534,22430000000,100,0,22425000000.0,1,0,0,1,0
20535,22410000000,200,0,22460000000.0,1,0,0,0,1
20536,22430000000,500,0,22460000000.0,1,0,0,1,0
20537,22390000000,1000,0,22420000000.0,1,0,0,0,1
20538,22420000000,500,0,22420000000.0,1,0,0,0,1
20539,22420000000,5200,0,22430000000.0,1,0,0,0,1
20540,22420000000,100,700,22430000000.0,0,1,0,0,1
20541,22420000000,5800,0,22435000000.0,1,0,0,0,1
20542,22440000000,77,0,22435000000.0,1,0,0,1,0
20543,22440000000,400,0,22430000000.0,1,0,0,1,0
20544,22440000000,400,500,22430000000.0,0,1,0,1,0
20545,22430000000,100,0,22435000000.0,1,0,0,0,1
20546,22510000000,200,0,22435000000.0,1,0,0,1,0
20547,22430000000,1403,0,22450000000.0,1,0,0,0,1
20548,22430000000,900,0,22450000000.0,1,0,0,0,1
20549,22430000000,2500,2500,22440000000.0,0,1,0,0,1
20550,22450000000,100,0,22440000000.0,1,0,0,1,0
20551,22430000000,100,0,22490000000.0,1,0,0,0,1
20552,22430000000,700,0,22490000000.0,1,0,0,0,1
20553,22440000000,500,0,22435000000.0,1,0,0,1,0
20554,22430000000,1200,0,22435000000.0,1,0,0,0,1
20555,22430000000,5200,0,22440000000.0,1,0,0,0,1
20556,22450000000,100,0,22440000000.0,1,0,0,1,0
20557,22430000000,5200,0,22450000000.0,1,0,0,0,1
20558,22430000000,200,0,22450000000.0,1,0,0,0,1
20559,22430000000,200,0,22445000000.0,1,0,0,0,1
20560,22440000000,200,0,22445000000.0,1,0,0,0,1
20561,22420000000,400,0,22450000000.0,1,0,0,0,1
20562,22520000000,100,0,22450000000.0,1,0,0,1,0
20563,22400000000,200,0,22445000000.0,1,0,0,0,1
20564,22430000000,500,0,22445000000.0,1,0,0,0,1
20565,22460000000,400,0,22450000000.0,1,0,0,1,0
20566,22450000000,1100,0,22450000000.0,1,0,0,1,0
20567,22450000000,8200,0,22435000000.0,1,0,0,1,0
20568,22450000000,5200,0,22435000000.0,1,0,0,1,0
20569,22430000000,100,0,22440000000.0,1,0,0,0,1
20570,22450000000,100,0,22440000000.0,1,0,0,1,0
20571,22450000000,1000,0,22435000000.0,1,0,0,1,0
20572,22420000000,100,0,22435000000.0,1,0,0,0,1
20573,22420000000,1200,1200,22430000000.0,0,1,0,0,1
20574,22430000000,700,0,22430000000.0,1,0,0,0,1
20575,22430000000,300,0,22435000000.0,1,0,0,0,1
20576,22440000000,769,431,22435000000.0,0,0,1,1,0
20577,22430000000,300,0,22440000000.0,1,0,0,0,1
20578,22430000000,217,0,22440000000.0,1,0,0,0,1
20579,22440000000,600,0,22445000000.0,1,0,0,0,1
20580,22410000000,200,0,22445000000.0,1,0,0,0,1
20581,22430000000,100,0,22440000000.0,1,0,0,0,1
20582,22450000000,200,0,22440000000.0,1,0,0,1,0
20583,22450000000,500,0,22445000000.0,1,0,0,1,0
20584,22580000000,1000,0,22445000000.0,1,0,0,1,0
20585,22410000000,200,0,22460000000.0,1,0,0,0,1
20586,22470000000,700,0,22460000000.0,1,0,0,1,0
20587,22440000000,5200,0,22450000000.0,1,0,0,0,1
20588,22440000000,2500,2500,22450000000.0,0,1,0,0,1
20589,22440000000,1100,0,22475000000.0,1,0,0,0,1
20590,22440000000,600,1100,22475000000.0,0,1,0,0,1
20591,22440000000,6400,0,22455000000.0,1,0,0,0,1
20592,22440000000,200,0,22455000000.0,1,0,0,0,1
20593,22380000000,100,0,22490000000.0,1,0,0,0,1
20594,22450000000,400,1100,22490000000.0,0,1,0,0,1
20595,22460000000,5200,0,22435000000.0,1,0,0,1,0
20596,22470000000,100,0,22435000000.0,1,0,0,1,0
20597,22430000000,400,0,22460000000.0,1,0,0,0,1
20598,22560000000,700,0,22460000000.0,1,0,0,1,0
20599,22450000000,2600,5200,22455000000.0,0,1,0,0,1
20600,22450000000,500,600,22455000000.0,0,1,0,0,1
20601,22450000000,300,200,22450000000.0,0,0,1,0,1
20602,22460000000,300,0,22450000000.0,1,0,0,1,0
20603,22460000000,300,0,22445000000.0,1,0,0,1,0
20604,22460000000,800,0,22445000000.0,1,0,0,1,0
20605,22440000000,300,0,22460000000.0,1,0,0,0,1
20606,22460000000,700,0,22460000000.0,1,0,0,1,0
20607,22460000000,500,0,22450000000.0,1,0,0,1,0
20608,22440000000,6000,0,22450000000.0,1,0,0,0,1
20609,22460000000,1000,0,22455000000.0,1,0,0,1,0
20610,22560000000,1000,0,22455000000.0,1,0,0,1,0
20611,22460000000,5200,0,22435000000.0,1,0,0,1,0
20612,22460000000,73,100,22435000000.0,0,1,0,1,0
20613,22370000000,200,0,22420000000.0,1,0,0,0,1
20614,22460000000,200,0,22420000000.0,1,0,0,1,0
20615,22460000000,300,0,22455000000.0,1,0,0,1,0
20616,22450000000,74,826,22455000000.0,0,0,1,0,1
20617,22530000000,300,0,22475000000.0,1,0,0,1,0
20618,22460000000,300,0,22475000000.0,1,0,0,1,0
20619,22460000000,300,0,22450000000.0,1,0,0,1,0
20620,22440000000,200,0,22450000000.0,1,0,0,0,1
20621,22460000000,500,0,22445000000.0,1,0,0,1,0
20622,22450000000,500,0,22445000000.0,1,0,0,1,0
20623,22450000000,200,0,22440000000.0,1,0,0,1,0
20624,22440000000,700,0,22440000000.0,1,0,0,0,1
20625,22450000000,200,300,22445000000.0,0,1,0,1,0
20626,22340000000,300,0,22445000000.0,1,0,0,0,1
20627,22400000000,200,0,22455000000.0,1,0,0,0,1
20628,22450000000,200,0,22455000000.0,1,0,0,1,0
20629,22450000000,500,0,22440000000.0,1,0,0,1,0
20630,22470000000,400,0,22440000000.0,1,0,0,1,0
20631,22450000000,4100,1600,22445000000.0,0,0,1,1,0
20632,22440000000,4100,0,22445000000.0,1,0,0,0,1
20633,22460000000,100,0,22450000000.0,1,0,0,1,0
20634,22440000000,4100,0,22450000000.0,1,0,0,0,1
20635,22440000000,800,0,22455000000.0,1,0,0,0,1
20636,22460000000,500,0,22455000000.0,1,0,0,1,0
20637,22450000000,100,0,22520000000.0,1,0,0,0,1
20638,22450000000,200,0,22520000000.0,1,0,0,0,1
20639,22460000000,5200,0,22450000000.0,1,0,0,1,0
20640,22460000000,1000,0,22450000000.0,1,0,0,1,0
20641,22440000000,300,0,22445000000.0,1,0,0,0,1
20642,22460000000,5200,0,22445000000.0,1,0,0,1,0
20643,21310000000,100,100,22440000000.0,0,1,0,0,1
20644,22450000000,500,0,22440000000.0,1,0,0,1,0
20645,22550000000,100,0,22495000000.0,1,0,0,1,0
20646,22440000000,100,0,22495000000.0,1,0,0,0,1
20647,22440000000,1403,0,22460000000.0,1,0,0,0,1
20648,22440000000,300,0,22460000000.0,1,0,0,0,1
20649,22440000000,4800,0,22455000000.0,1,0,0,0,1
20650,22360000000,200,0,22455000000.0,1,0,0,0,1
20651,22390000000,500,0,22425000000.0,1,0,0,0,1
20652,22460000000,3900,0,22425000000.0,1,0,0,1,0
20653,22460000000,400,0,22445000000.0,1,0,0,1,0
20654,22450000000,400,0,22445000000.0,1,0,0,1,0
20655,22450000000,200,600,22380000000.0,0,1,0,1,0
20656,22470000000,400,0,22380000000.0,1,0,0,1,0
20657,22440000000,100,0,22465000000.0,1,0,0,0,1
20658,22440000000,300,0,22465000000.0,1,0,0,0,1
20659,22480000000,300,300,22450000000.0,0,1,0,1,0
20660,22460000000,500,0,22450000000.0,1,0,0,1,0
20661,22440000000,4800,0,22455000000.0,1,0,0,0,1
20662,22450000000,500,0,22455000000.0,1,0,0,0,1
20663,22420000000,900,0,22450000000.0,1,0,0,0,1
20664,22460000000,600,1100,22450000000.0,0,1,0,1,0
20665,22460000000,100,0,22455000000.0,1,0,0,1,0
20666,22450000000,500,0,22455000000.0,1,0,0,0,1
20667,22450000000,900,0,22480000000.0,1,0,0,0,1
20668,22450000000,300,0,22480000000.0,1,0,0,0,1
20669,22470000000,500,0,22460000000.0,1,0,0,1,0
20670,22440000000,200,0,22460000000.0,1,0,0,0,1
20671,22450000000,2500,2500,22455000000.0,0,1,0,0,1
20672,22450000000,5200,0,22455000000.0,1,0,0,0,1
20673,22450000000,1000,0,22470000000.0,1,0,0,0,1
20674,22560000000,100,0,22470000000.0,1,0,0,1,0
20675,22450000000,5200,0,22460000000.0,1,0,0,0,1
20676,22470000000,500,0,22460000000.0,1,0,0,1,0
20677,22460000000,1100,0,22455000000.0,1,0,0,1,0
20678,22450000000,200,0,22455000000.0,1,0,0,0,1
20679,22450000000,200,0,22490000000.0,1,0,0,0,1
20680,22450000000,200,0,22490000000.0,1,0,0,0,1
20681,22450000000,200,0,22455000000.0,1,0,0,0,1
20682,22450000000,300,0,22455000000.0,1,0,0,0,1
20683,22450000000,300,0,22460000000.0,1,0,0,0,1
20684,22470000000,500,0,22460000000.0,1,0,0,1,0
20685,22460000000,500,0,22455000000.0,1,0,0,1,0
20686,22450000000,300,0,22455000000.0,1,0,0,0,1
20687,22450000000,3300,0,22465000000.0,1,0,0,0,1
20688,23600000000,100,100,22465000000.0,0,1,0,1,0
20689,22390000000,100,0,22460000000.0,1,0,0,0,1
20690,22490000000,100,0,22460000000.0,1,0,0,1,0
20691,22460000000,1200,5000,22465000000.0,0,1,0,0,1
20692,22470000000,500,0,22465000000.0,1,0,0,1,0
20693,22460000000,100,0,22470000000.0,1,0,0,0,1
20694,22460000000,2500,2500,22470000000.0,0,1,0,0,1
20695,22470000000,1000,0,22460000000.0,1,0,0,1,0
20696,22470000000,5200,0,22460000000.0,1,0,0,1,0
20697,22400000000,500,0,22455000000.0,1,0,0,0,1
20698,22460000000,600,600,22455000000.0,0,1,0,1,0
20699,22460000000,189,0,22450000000.0,1,0,0,1,0
20700,22480000000,2400,1500,22450000000.0,0,1,0,1,0
20701,22490000000,100,0,22470000000.0,1,0,0,1,0
20702,22370000000,1000,0,22470000000.0,1,0,0,0,1
20703,22440000000,900,0,22450000000.0,1,0,0,0,1
20704,22460000000,500,0,22450000000.0,1,0,0,1,0
20705,22460000000,700,0,22430000000.0,1,0,0,1,0
20706,22450000000,1000,0,22430000000.0,1,0,0,0,1
20707,22460000000,500,0,22410000000.0,1,0,0,1,0
20708,22460000000,300,0,22410000000.0,1,0,0,1,0
20709,22460000000,1000,0,22450000000.0,1,0,0,1,0
20710,22460000000,500,0,22450000000.0,1,0,0,1,0
20711,22460000000,900,0,22445000000.0,1,0,0,1,0
20712,22450000000,100,0,22445000000.0,1,0,0,0,1
20713,22450000000,500,0,22455000000.0,1,0,0,0,1
20714,22470000000,100,0,22455000000.0,1,0,0,1,0
20715,22460000000,5200,0,22445000000.0,1,0,0,1,0
20716,22350000000,200,0,22445000000.0,1,0,0,0,1
20717,22520000000,300,0,22455000000.0,1,0,0,1,0
20718,22440000000,500,0,22455000000.0,1,0,0,0,1
20719,22460000000,200,0,22450000000.0,1,0,0,1,0
20720,22460000000,100,0,22450000000.0,1,0,0,1,0
20721,22370000000,200,0,22425000000.0,1,0,0,0,1
20722,22450000000,300,0,22425000000.0,1,0,0,0,1
20723,22410000000,200,0,22465000000.0,1,0,0,0,1
20724,22460000000,600,0,22465000000.0,1,0,0,1,0
20725,22460000000,5200,0,22455000000.0,1,0,0,1,0
20726,22550000000,200,0,22455000000.0,1,0,0,1,0
20727,22440000000,500,0,22460000000.0,1,0,0,0,1
20728,22460000000,700,0,22460000000.0,1,0,0,1,0
20729,22460000000,5200,0,22440000000.0,1,0,0,1,0
20730,22460000000,100,0,22440000000.0,1,0,0,1,0
20731,22450000000,775,0,22445000000.0,1,0,0,1,0
20732,22470000000,100,0,22445000000.0,1,0,0,1,0
20733,22410000000,1000,0,22440000000.0,1,0,0,0,1
20734,22400000000,300,0,22440000000.0,1,0,0,0,1
20735,22440000000,400,0,22445000000.0,1,0,0,0,1
20736,22340000000,200,0,22445000000.0,1,0,0,0,1
20737,22450000000,300,0,22420000000.0,1,0,0,1,0
20738,22450000000,300,0,22420000000.0,1,0,0,1,0
20739,22450000000,589,0,22430000000.0,1,0,0,1,0
20740,22420000000,1403,0,22430000000.0,1,0,0,0,1
20741,22440000000,389,0,22435000000.0,1,0,0,1,0
20742,22300000000,200,0,22435000000.0,1,0,0,0,1
20743,22510000000,400,400,22405000000.0,0,1,0,1,0
20744,22500000000,100,0,22405000000.0,1,0,0,1,0
20745,22400000000,1000,0,22430000000.0,1,0,0,0,1
20746,22450000000,100,0,22430000000.0,1,0,0,1,0
20747,22440000000,300,0,22435000000.0,1,0,0,1,0
20748,22440000000,1000,0,22435000000.0,1,0,0,1,0
20749,22440000000,5200,0,22410000000.0,1,0,0,1,0
20750,22410000000,2500,0,22410000000.0,1,0,0,0,1
20751,22430000000,100,0,22435000000.0,1,0,0,0,1
20752,22440000000,300,0,22435000000.0,1,0,0,1,0
20753,22440000000,5200,0,22430000000.0,1,0,0,1,0
20754,22490000000,700,0,22430000000.0,1,0,0,1,0
20755,22430000000,500,0,22435000000.0,1,0,0,0,1
20756,22370000000,200,0,22435000000.0,1,0,0,0,1
20757,22440000000,500,0,22430000000.0,1,0,0,1,0
20758,22480000000,100,0,22430000000.0,1,0,0,1,0
20759,22350000000,1600,0,22435000000.0,1,0,0,0,1
20760,22440000000,2500,0,22435000000.0,1,0,0,1,0
20761,22440000000,2500,0,22430000000.0,1,0,0,1,0
20762,22420000000,300,0,22430000000.0,1,0,0,0,1
20763,22430000000,300,300,22425000000.0,0,1,0,1,0
20764,22430000000,500,0,22425000000.0,1,0,0,1,0
20765,22420000000,300,600,22460000000.0,0,1,0,0,1
20766,22410000000,1800,2600,22460000000.0,0,1,0,0,1
20767,22420000000,200,0,22425000000.0,1,0,0,0,1
20768,22480000000,100,0,22425000000.0,1,0,0,1,0
20769,22450000000,400,0,22420000000.0,1,0,0,1,0
20770,22420000000,300,0,22420000000.0,1,0,0,0,1
20771,22380000000,200,0,22425000000.0,1,0,0,0,1
20772,22410000000,1800,2600,22425000000.0,0,1,0,0,1
20773,22430000000,500,0,22410000000.0,1,0,0,1,0
20774,22450000000,100,0,22410000000.0,1,0,0,1,0
20775,22390000000,1000,0,22420000000.0,1,0,0,0,1
20776,22490000000,100,0,22420000000.0,1,0,0,1,0
20777,22420000000,500,1072,22425000000.0,0,0,1,0,1
20778,22380000000,100,0,22425000000.0,1,0,0,0,1
20779,22340000000,200,0,22390000000.0,1,0,0,0,1
20780,22430000000,700,0,22390000000.0,1,0,0,1,0
20781,22430000000,200,900,22425000000.0,0,1,0,1,0
20782,22340000000,200,0,22425000000.0,1,0,0,0,1
20783,22330000000,200,0,22380000000.0,1,0,0,0,1
20784,22370000000,200,0,22380000000.0,1,0,0,0,1
20785,22510000000,1100,0,22425000000.0,1,0,0,1,0
20786,22340000000,1700,0,22425000000.0,1,0,0,0,1
20787,22420000000,600,0,22465000000.0,1,0,0,0,1
20788,22420000000,1000,0,22465000000.0,1,0,0,0,1
20789,22430000000,100,0,22425000000.0,1,0,0,1,0
20790,22420000000,3300,0,22425000000.0,1,0,0,0,1
20791,22420000000,5400,0,22430000000.0,1,0,0,0,1
20792,22420000000,200,0,22430000000.0,1,0,0,0,1
20793,22490000000,500,0,22435000000.0,1,0,0,1,0
20794,22430000000,5400,0,22435000000.0,1,0,0,0,1
20795,22430000000,700,0,23000000000.0,1,0,0,0,1
20796,22510000000,1000,0,23000000000.0,1,0,0,1,0
20797,22430000000,5400,0,22450000000.0,1,0,0,0,1
20798,22430000000,200,0,22450000000.0,1,0,0,0,1
20799,22430000000,900,0,22445000000.0,1,0,0,0,1
20800,22430000000,5400,0,22445000000.0,1,0,0,0,1
20801,22430000000,5400,0,22455000000.0,1,0,0,0,1
20802,22450000000,8600,8600,22455000000.0,0,1,0,1,0
20803,22430000000,5400,0,22435000000.0,1,0,0,0,1
20804,22430000000,6000,0,22435000000.0,1,0,0,0,1
20805,22440000000,500,0,22445000000.0,1,0,0,0,1
20806,22450000000,1000,0,22445000000.0,1,0,0,1,0
20807,22390000000,200,0,22430000000.0,1,0,0,0,1
20808,22460000000,100,0,22430000000.0,1,0,0,1,0
20809,22400000000,200,0,22445000000.0,1,0,0,0,1
20810,22400000000,400,0,22445000000.0,1,0,0,0,1
20811,22380000000,200,0,22420000000.0,1,0,0,0,1
20812,22450000000,5400,0,22420000000.0,1,0,0,1,0
20813,22450000000,400,0,22410000000.0,1,0,0,1,0
20814,22450000000,300,0,22410000000.0,1,0,0,1,0
20815,22450000000,5400,0,22440000000.0,1,0,0,1,0
20816,22430000000,200,0,22440000000.0,1,0,0,0,1
20817,22350000000,100,0,22435000000.0,1,0,0,0,1
20818,22360000000,200,0,22435000000.0,1,0,0,0,1
20819,22440000000,5400,0,22430000000.0,1,0,0,1,0
20820,22410000000,2300,0,22430000000.0,1,0,0,0,1
20821,22350000000,200,0,22400000000.0,1,0,0,0,1
20822,22440000000,5400,0,22400000000.0,1,0,0,1,0
20823,22440000000,400,0,22430000000.0,1,0,0,1,0
20824,22440000000,5400,0,22430000000.0,1,0,0,1,0
20825,22440000000,5400,0,22425000000.0,1,0,0,1,0
20826,22440000000,100,0,22425000000.0,1,0,0,1,0
20827,22430000000,300,300,22420000000.0,0,1,0,1,0
20828,22370000000,500,0,22420000000.0,1,0,0,0,1
20829,22440000000,1000,0,22430000000.0,1,0,0,1,0
20830,22440000000,5400,0,22430000000.0,1,0,0,1,0
20831,22440000000,300,0,22420000000.0,1,0,0,1,0
20832,22440000000,300,0,22420000000.0,1,0,0,1,0
20833,22440000000,100,0,22425000000.0,1,0,0,1,0
20834,22430000000,8600,8600,22425000000.0,0,1,0,1,0
20835,22430000000,200,600,22360000000.0,0,1,0,1,0
20836,22420000000,100,0,22360000000.0,1,0,0,0,1
20837,22430000000,3300,0,22400000000.0,1,0,0,1,0
20838,22430000000,5400,0,22400000000.0,1,0,0,1,0
20839,22420000000,700,0,22425000000.0,1,0,0,0,1
20840,22520000000,400,0,22425000000.0,1,0,0,1,0
20841,22390000000,400,0,22420000000.0,1,0,0,0,1
20842,22430000000,5400,0,22420000000.0,1,0,0,1,0
20843,22380000000,200,0,22425000000.0,1,0,0,0,1
20844,22430000000,1200,0,22425000000.0,1,0,0,1,0
20845,22440000000,100,0,22385000000.0,1,0,0,1,0
20846,22330000000,200,0,22385000000.0,1,0,0,0,1
20847,22420000000,600,700,22425000000.0,0,1,0,0,1
20848,22430000000,600,900,22425000000.0,0,1,0,1,0
20849,22390000000,1000,0,22420000000.0,1,0,0,0,1
20850,22420000000,700,0,22420000000.0,1,0,0,0,1
20851,22420000000,100,0,22425000000.0,1,0,0,0,1
20852,22380000000,200,0,22425000000.0,1,0,0,0,1
20853,22440000000,1300,0,22420000000.0,1,0,0,1,0
20854,22430000000,200,0,22420000000.0,1,0,0,1,0
20855,22430000000,5600,0,22425000000.0,1,0,0,1,0
20856,22420000000,540,60,22425000000.0,0,0,1,0,1
20857,22420000000,1233,3767,22420000000.0,0,0,1,0,1
20858,23550000000,100,100,22420000000.0,0,1,0,1,0
20859,22400000000,1403,0,22415000000.0,1,0,0,0,1
20860,22420000000,1000,0,22415000000.0,1,0,0,1,0
20861,22390000000,400,0,22405000000.0,1,0,0,0,1
20862,22410000000,1000,0,22405000000.0,1,0,0,0,1
20863,22420000000,200,0,22415000000.0,1,0,0,1,0
20864,22420000000,700,0,22415000000.0,1,0,0,1,0
20865,22410000000,200,0,22420000000.0,1,0,0,0,1
20866,22430000000,100,0,22420000000.0,1,0,0,1,0
20867,22390000000,1900,1000,22405000000.0,0,1,0,0,1
20868,22380000000,1200,1200,22405000000.0,0,1,0,0,1
20869,22380000000,1000,0,22410000000.0,1,0,0,0,1
20870,22420000000,2800,5600,22410000000.0,0,1,0,1,0
20871,22420000000,5600,0,22385000000.0,1,0,0,1,0
20872,22310000000,200,0,22385000000.0,1,0,0,0,1
20873,22420000000,5600,0,22400000000.0,1,0,0,1,0
20874,22420000000,1000,0,22400000000.0,1,0,0,1,0
20875,22420000000,5600,0,22405000000.0,1,0,0,1,0
20876,22410000000,500,0,22405000000.0,1,0,0,1,0
20877,22420000000,100,0,22400000000.0,1,0,0,1,0
20878,22400000000,200,0,22400000000.0,1,0,0,0,1
20879,22330000000,100,0,22405000000.0,1,0,0,0,1
20880,22380000000,700,0,22405000000.0,1,0,0,0,1
20881,22370000000,400,0,22390000000.0,1,0,0,0,1
20882,22460000000,100,0,22390000000.0,1,0,0,1,0
20883,22360000000,200,0,22405000000.0,1,0,0,0,1
20884,22400000000,700,0,22405000000.0,1,0,0,0,1
20885,22400000000,5600,0,22425000000.0,1,0,0,0,1
20886,22410000000,200,0,22425000000.0,1,0,0,1,0
20887,22410000000,200,0,22400000000.0,1,0,0,1,0
20888,22470000000,100,0,22400000000.0,1,0,0,1,0
20889,22420000000,1400,0,22405000000.0,1,0,0,1,0
20890,22390000000,1800,0,22405000000.0,1,0,0,0,1
20891,22490000000,100,0,22420000000.0,1,0,0,1,0
20892,22390000000,100,0,22420000000.0,1,0,0,0,1
20893,22410000000,700,0,22405000000.0,1,0,0,1,0
20894,22380000000,700,0,22405000000.0,1,0,0,0,1
20895,22310000000,200,0,22380000000.0,1,0,0,0,1
20896,22410000000,100,0,22380000000.0,1,0,0,1,0
20897,22410000000,5600,0,22395000000.0,1,0,0,1,0
20898,22380000000,800,0,22395000000.0,1,0,0,0,1
20899,22410000000,100,0,22335000000.0,1,0,0,1,0
20900,22260000000,300,0,22335000000.0,1,0,0,0,1
20901,22350000000,500,0,22380000000.0,1,0,0,0,1
20902,22410000000,300,0,22380000000.0,1,0,0,1,0
20903,22410000000,300,0,22400000000.0,1,0,0,1,0
20904,22400000000,321,779,22400000000.0,0,0,1,0,1
20905,22400000000,600,0,22390000000.0,1,0,0,1,0
20906,22410000000,4100,0,22390000000.0,1,0,0,1,0
20907,22410000000,500,0,22355000000.0,1,0,0,1,0
20908,22410000000,4100,0,22355000000.0,1,0,0,1,0
20909,22410000000,800,0,22400000000.0,1,0,0,1,0
20910,22410000000,100,0,22400000000.0,1,0,0,1,0
20911,22400000000,5600,5600,22395000000.0,0,1,0,1,0
20912,22390000000,300,0,22395000000.0,1,0,0,0,1
20913,22390000000,27900,0,22405000000.0,1,0,0,0,1
20914,22420000000,200,0,22405000000.0,1,0,0,1,0
20915,22410000000,300,0,22400000000.0,1,0,0,1,0
20916,22410000000,300,0,22400000000.0,1,0,0,1,0
20917,22400000000,200,600,22395000000.0,0,1,0,1,0
20918,22400000000,200,200,22395000000.0,0,1,0,1,0
20919,22470000000,100,0,22430000000.0,1,0,0,1,0
20920,22390000000,700,0,22430000000.0,1,0,0,0,1
20921,22490000000,400,400,22405000000.0,0,1,0,1,0
20922,22400000000,3300,0,22405000000.0,1,0,0,1,0
20923,22390000000,100,200,22395000000.0,0,0,1,0,1
20924,22400000000,400,0,22395000000.0,1,0,0,1,0
20925,22390000000,5600,0,22415000000.0,1,0,0,0,1
20926,22390000000,46,0,22415000000.0,1,0,0,0,1
20927,22320000000,100,0,22385000000.0,1,0,0,0,1
20928,22390000000,5600,0,22385000000.0,1,0,0,0,1
20929,22410000000,500,0,22400000000.0,1,0,0,1,0
20930,22390000000,1403,0,22400000000.0,1,0,0,0,1
20931,22360000000,100,0,22395000000.0,1,0,0,0,1
20932,22380000000,1000,0,22395000000.0,1,0,0,0,1
20933,22360000000,400,0,22390000000.0,1,0,0,0,1
20934,22390000000,800,0,22390000000.0,1,0,0,0,1
20935,22400000000,5600,0,22395000000.0,1,0,0,1,0
20936,22400000000,600,600,22395000000.0,0,1,0,1,0
20937,22400000000,500,0,22390000000.0,1,0,0,1,0
20938,22390000000,5600,0,22390000000.0,1,0,0,0,1
20939,22430000000,300,300,22400000000.0,0,1,0,1,0
20940,22390000000,500,0,22400000000.0,1,0,0,0,1
20941,22390000000,100,0,22405000000.0,1,0,0,0,1
20942,22390000000,100,800,22405000000.0,0,1,0,0,1
20943,22310000000,200,0,22970000000.0,1,0,0,0,1
20944,22400000000,10,0,22970000000.0,1,0,0,0,1
20945,22480000000,1000,0,22405000000.0,1,0,0,1,0
20946,22330000000,100,0,22405000000.0,1,0,0,0,1
20947,22400000000,200,0,22470000000.0,1,0,0,0,1
20948,22320000000,400,0,22470000000.0,1,0,0,0,1
20949,22340000000,200,0,22395000000.0,1,0,0,0,1
20950,22400000000,700,0,22395000000.0,1,0,0,0,1
20951,22370000000,200,0,22435000000.0,1,0,0,0,1
20952,22380000000,200,0,22435000000.0,1,0,0,0,1
20953,22400000000,3300,0,22420000000.0,1,0,0,0,1
20954,22410000000,500,0,22420000000.0,1,0,0,1,0
20955,22410000000,400,0,22405000000.0,1,0,0,1,0
20956,22400000000,100,0,22405000000.0,1,0,0,0,1
20957,22380000000,200,0,22420000000.0,1,0,0,0,1
20958,22390000000,300,0,22420000000.0,1,0,0,0,1
20959,22410000000,300,0,22400000000.0,1,0,0,1,0
20960,22410000000,300,0,22400000000.0,1,0,0,1,0
20961,22410000000,100,0,22390000000.0,1,0,0,1,0
20962,22410000000,354,0,22390000000.0,1,0,0,1,0
20963,22410000000,466,0,22350000000.0,1,0,0,1,0
20964,22410000000,19000,0,22350000000.0,1,0,0,1,0
20965,22410000000,500,0,22395000000.0,1,0,0,1,0
20966,22390000000,700,0,22395000000.0,1,0,0,0,1
20967,21260000000,100,100,21830000000.0,0,1,0,0,1
20968,22420000000,100,0,21830000000.0,1,0,0,1,0
20969,22320000000,100,0,22395000000.0,1,0,0,0,1
20970,22330000000,200,0,22395000000.0,1,0,0,0,1
20971,22410000000,500,0,22365000000.0,1,0,0,1,0
20972,22310000000,100,100,22365000000.0,0,1,0,0,1
20973,22370000000,200,0,22430000000.0,1,0,0,0,1
20974,22450000000,100,0,22430000000.0,1,0,0,1,0
20975,22280000000,1500,0,22380000000.0,1,0,0,0,1
20976,22400000000,500,0,22380000000.0,1,0,0,1,0
20977,22400000000,500,0,22370000000.0,1,0,0,1,0
20978,22390000000,200,0,22370000000.0,1,0,0,0,1
20979,22390000000,300,0,22400000000.0,1,0,0,0,1
20980,22390000000,300,0,22400000000.0,1,0,0,0,1
20981,22380000000,100,0,22395000000.0,1,0,0,0,1
20982,22480000000,1000,0,22395000000.0,1,0,0,1,0
20983,22390000000,700,0,22405000000.0,1,0,0,0,1
20984,22390000000,600,0,22405000000.0,1,0,0,0,1
20985,22400000000,5800,0,22390000000.0,1,0,0,1,0
20986,22400000000,400,0,22390000000.0,1,0,0,1,0
20987,22400000000,700,0,22395000000.0,1,0,0,1,0
20988,22400000000,500,0,22395000000.0,1,0,0,1,0
20989,22360000000,400,0,22385000000.0,1,0,0,0,1
20990,22380000000,6000,0,22385000000.0,1,0,0,0,1
20991,22380000000,100,0,22390000000.0,1,0,0,0,1
20992,22380000000,300,0,22390000000.0,1,0,0,0,1
20993,22380000000,11000,0,22410000000.0,1,0,0,0,1
20994,21260000000,100,100,22410000000.0,0,1,0,0,1
20995,22390000000,200,0,22395000000.0,1,0,0,0,1
20996,22370000000,200,0,22395000000.0,1,0,0,0,1
20997,22410000000,8600,8600,22400000000.0,0,1,0,1,0
20998,22380000000,500,0,22400000000.0,1,0,0,0,1
20999,22320000000,200,0,22385000000.0,1,0,0,0,1
21000,22390000000,700,0,22385000000.0,1,0,0,0,1
21001,22380000000,700,0,22400000000.0,1,0,0,0,1
21002,22320000000,200,0,22400000000.0,1,0,0,0,1
21003,22390000000,500,0,22395000000.0,1,0,0,0,1
21004,22400000000,8600,8600,22395000000.0,0,1,0,1,0
21005,22400000000,1600,0,22380000000.0,1,0,0,1,0
21006,22400000000,100,0,22380000000.0,1,0,0,1,0
21007,22400000000,6000,0,22395000000.0,1,0,0,1,0
21008,22400000000,400,0,22395000000.0,1,0,0,1,0
21009,22400000000,300,0,22385000000.0,1,0,0,1,0
21010,22290000000,200,0,22385000000.0,1,0,0,0,1
21011,22390000000,500,0,22370000000.0,1,0,0,1,0
21012,22410000000,1700,0,22370000000.0,1,0,0,1,0
21013,22360000000,700,0,22375000000.0,1,0,0,0,1
21014,22380000000,300,0,22375000000.0,1,0,0,0,1
21015,22370000000,500,0,22385000000.0,1,0,0,0,1
21016,22390000000,300,0,22385000000.0,1,0,0,1,0
21017,22260000000,1500,0,22365000000.0,1,0,0,0,1
21018,22470000000,1300,0,22365000000.0,1,0,0,1,0
21019,22380000000,32,168,22385000000.0,0,0,1,0,1
21020,22370000000,100,0,22385000000.0,1,0,0,0,1
21021,22320000000,500,0,22355000000.0,1,0,0,0,1
21022,22390000000,6000,0,22355000000.0,1,0,0,1,0
21023,22390000000,400,0,22370000000.0,1,0,0,1,0
21024,22380000000,100,0,22370000000.0,1,0,0,1,0
21025,22370000000,100,0,22375000000.0,1,0,0,0,1
21026,21240000000,100,100,22375000000.0,0,1,0,0,1
21027,22400000000,400,0,22340000000.0,1,0,0,1,0
21028,22380000000,8600,8600,22340000000.0,0,1,0,1,0
21029,22370000000,300,0,22390000000.0,1,0,0,0,1
21030,22380000000,6000,0,22390000000.0,1,0,0,1,0
21031,22320000000,300,0,22350000000.0,1,0,0,0,1
21032,22380000000,6000,0,22350000000.0,1,0,0,1,0
21033,22380000000,700,0,22370000000.0,1,0,0,1,0
21034,22370000000,400,0,22370000000.0,1,0,0,0,1
21035,22380000000,300,0,22365000000.0,1,0,0,1,0
21036,22370000000,400,0,22365000000.0,1,0,0,0,1
21037,22340000000,400,0,22370000000.0,1,0,0,0,1
21038,22400000000,1000,0,22370000000.0,1,0,0,1,0
21039,22340000000,100,0,22375000000.0,1,0,0,0,1
21040,22380000000,500,0,22375000000.0,1,0,0,1,0
21041,22380000000,3000,0,22335000000.0,1,0,0,1,0
21042,22380000000,6000,0,22335000000.0,1,0,0,1,0
21043,22360000000,300,0,22365000000.0,1,0,0,0,1
21044,22370000000,300,0,22365000000.0,1,0,0,1,0
21045,22470000000,400,400,22385000000.0,0,1,0,1,0
21046,22300000000,400,0,22385000000.0,1,0,0,0,1
21047,22290000000,100,0,22365000000.0,1,0,0,0,1
21048,22360000000,46,0,22365000000.0,1,0,0,0,1
21049,22360000000,6000,0,22370000000.0,1,0,0,0,1
21050,22370000000,689,0,22370000000.0,1,0,0,1,0
21051,22360000000,6000,0,22365000000.0,1,0,0,0,1
21052,22350000000,1200,1200,22365000000.0,0,1,0,0,1
21053,22330000000,400,0,22360000000.0,1,0,0,0,1
21054,22430000000,100,0,22360000000.0,1,0,0,1,0
21055,22400000000,2586,0,22370000000.0,1,0,0,1,0
21056,22390000000,500,0,22370000000.0,1,0,0,1,0
21057,22330000000,100,0,22365000000.0,1,0,0,0,1
21058,22370000000,600,0,22365000000.0,1,0,0,1,0
21059,22360000000,400,0,22385000000.0,1,0,0,0,1
21060,22410000000,600,600,22385000000.0,0,1,0,1,0
21061,22360000000,6200,0,22380000000.0,1,0,0,0,1
21062,22390000000,300,0,22380000000.0,1,0,0,1,0
21063,22370000000,500,0,22350000000.0,1,0,0,1,0
21064,22370000000,100,0,22350000000.0,1,0,0,1,0
21065,22370000000,1800,0,22360000000.0,1,0,0,1,0
21066,22340000000,1937,0,22360000000.0,1,0,0,0,1
21067,22340000000,700,0,22355000000.0,1,0,0,0,1
21068,22370000000,6200,0,22355000000.0,1,0,0,1,0
21069,22370000000,400,0,22340000000.0,1,0,0,1,0
21070,22230000000,200,0,22340000000.0,1,0,0,0,1
21071,22160000000,500,0,22280000000.0,1,0,0,0,1
21072,22360000000,200,0,22280000000.0,1,0,0,0,1
21073,22380000000,2583,0,22365000000.0,1,0,0,1,0
21074,22420000000,200,0,22365000000.0,1,0,0,1,0
21075,22370000000,6200,0,22355000000.0,1,0,0,1,0
21076,22440000000,500,0,22355000000.0,1,0,0,1,0
21077,22360000000,630,0,22350000000.0,1,0,0,1,0
21078,22330000000,1500,0,22350000000.0,1,0,0,0,1
21079,22320000000,100,0,22355000000.0,1,0,0,0,1
21080,22150000000,600,0,22355000000.0,1,0,0,0,1
21081,22360000000,3000,0,22340000000.0,1,0,0,1,0
21082,22360000000,300,0,22340000000.0,1,0,0,1,0
21083,22360000000,400,0,22350000000.0,1,0,0,1,0
21084,22340000000,1200,1200,22350000000.0,0,1,0,0,1
21085,22350000000,400,0,22355000000.0,1,0,0,0,1
21086,22360000000,500,0,22355000000.0,1,0,0,1,0
21087,22320000000,100,0,22350000000.0,1,0,0,0,1
21088,22360000000,6200,0,22350000000.0,1,0,0,1,0
21089,22360000000,300,0,22330000000.0,1,0,0,1,0
21090,22270000000,200,0,22330000000.0,1,0,0,0,1
21091,22340000000,1200,1200,22350000000.0,0,1,0,0,1
21092,22360000000,400,500,22350000000.0,0,1,0,1,0
21093,22350000000,500,0,22355000000.0,1,0,0,0,1
21094,22390000000,100,0,22355000000.0,1,0,0,1,0
21095,22360000000,1100,0,22320000000.0,1,0,0,1,0
21096,22340000000,1200,1200,22320000000.0,0,1,0,0,1
21097,22380000000,700,0,22355000000.0,1,0,0,1,0
21098,22360000000,100,0,22355000000.0,1,0,0,1,0
21099,22290000000,300,0,22325000000.0,1,0,0,0,1
21100,22370000000,1700,2300,22325000000.0,0,1,0,1,0
21101,22360000000,300,0,22355000000.0,1,0,0,1,0
21102,22350000000,100,100,22355000000.0,0,0,1,0,1
21103,22340000000,500,0,22350000000.0,1,0,0,0,1
21104,22360000000,6200,0,22350000000.0,1,0,0,1,0
21105,22360000000,3000,0,22355000000.0,1,0,0,1,0
21106,22360000000,100,0,22355000000.0,1,0,0,1,0
21107,22360000000,300,0,22350000000.0,1,0,0,1,0
21108,22370000000,100,0,22350000000.0,1,0,0,1,0
21109,22350000000,963,1407,22355000000.0,0,0,1,0,1
21110,22360000000,300,0,22355000000.0,1,0,0,1,0
21111,22360000000,7300,0,22345000000.0,1,0,0,1,0
21112,22350000000,8600,8600,22345000000.0,0,1,0,1,0
21113,22360000000,600,0,22350000000.0,1,0,0,1,0
21114,22210000000,200,0,22350000000.0,1,0,0,0,1
21115,22210000000,200,0,22285000000.0,1,0,0,0,1
21116,22360000000,100,0,22285000000.0,1,0,0,1,0
21117,22360000000,1100,0,22345000000.0,1,0,0,1,0
21118,22360000000,300,0,22345000000.0,1,0,0,1,0
21119,22350000000,300,900,21780000000.0,0,1,0,1,0
21120,22290000000,200,0,21780000000.0,1,0,0,0,1
21121,22300000000,400,0,22335000000.0,1,0,0,0,1
21122,22410000000,100,0,22335000000.0,1,0,0,1,0
21123,22310000000,100,0,22345000000.0,1,0,0,0,1
21124,22340000000,100,0,22345000000.0,1,0,0,0,1
21125,22340000000,6200,0,22360000000.0,1,0,0,0,1
21126,22360000000,500,0,22360000000.0,1,0,0,1,0
21127,22340000000,900,0,22345000000.0,1,0,0,0,1
21128,22350000000,300,0,22345000000.0,1,0,0,1,0
21129,22350000000,400,0,22340000000.0,1,0,0,1,0
21130,22330000000,2500,0,22340000000.0,1,0,0,0,1
21131,22350000000,200,400,22345000000.0,0,1,0,1,0
21132,22320000000,1700,0,22345000000.0,1,0,0,0,1
21133,22350000000,100,0,22335000000.0,1,0,0,1,0
21134,22270000000,200,0,22335000000.0,1,0,0,0,1
21135,22350000000,300,0,22295000000.0,1,0,0,1,0
21136,22340000000,1700,6800,22295000000.0,0,1,0,0,1
21137,22350000000,200,0,22320000000.0,1,0,0,1,0
21138,22350000000,3300,0,22320000000.0,1,0,0,1,0
21139,22350000000,400,0,22340000000.0,1,0,0,1,0
21140,22340000000,500,0,22340000000.0,1,0,0,0,1
21141,22340000000,600,0,22345000000.0,1,0,0,0,1
21142,22350000000,6200,0,22345000000.0,1,0,0,1,0
21143,22350000000,3300,0,22340000000.0,1,0,0,1,0
21144,22350000000,100,0,22340000000.0,1,0,0,1,0
21145,22350000000,400,0,22345000000.0,1,0,0,1,0
21146,22370000000,1800,0,22345000000.0,1,0,0,1,0
21147,22240000000,1500,0,22335000000.0,1,0,0,0,1
21148,22430000000,1100,0,22335000000.0,1,0,0,1,0
21149,22350000000,2600,0,22340000000.0,1,0,0,1,0
21150,22370000000,100,0,22340000000.0,1,0,0,1,0
21151,22340000000,500,5700,22335000000.0,0,0,1,1,0
21152,22340000000,500,0,22335000000.0,1,0,0,1,0
21153,22350000000,100,0,22330000000.0,1,0,0,1,0
21154,22260000000,400,400,22330000000.0,0,1,0,0,1
21155,22280000000,200,0,22335000000.0,1,0,0,0,1
21156,22320000000,500,0,22335000000.0,1,0,0,0,1
21157,22340000000,500,0,22330000000.0,1,0,0,1,0
21158,22340000000,500,0,22330000000.0,1,0,0,1,0
21159,22370000000,100,0,22335000000.0,1,0,0,1,0
21160,22300000000,100,0,22335000000.0,1,0,0,0,1
21161,22290000000,400,0,22325000000.0,1,0,0,0,1
21162,22320000000,1000,0,22325000000.0,1,0,0,0,1
21163,22300000000,200,0,22330000000.0,1,0,0,0,1
21164,22340000000,3000,0,22330000000.0,1,0,0,1,0
21165,22330000000,100,0,22345000000.0,1,0,0,0,1
21166,22330000000,200,0,22345000000.0,1,0,0,0,1
21167,22330000000,6200,0,22355000000.0,1,0,0,0,1
21168,22350000000,100,0,22355000000.0,1,0,0,1,0
21169,22390000000,100,0,22310000000.0,1,0,0,1,0
21170,22230000000,200,0,22310000000.0,1,0,0,0,1
21171,22340000000,200,0,22330000000.0,1,0,0,1,0
21172,22310000000,700,0,22330000000.0,1,0,0,0,1
21173,22330000000,6200,0,22355000000.0,1,0,0,0,1
21174,22380000000,600,600,22355000000.0,0,1,0,1,0
21175,22330000000,6200,0,22340000000.0,1,0,0,0,1
21176,22340000000,200,0,22340000000.0,1,0,0,1,0
21177,22350000000,8600,8600,22335000000.0,0,1,0,1,0
21178,22330000000,300,0,22335000000.0,1,0,0,0,1
21179,22310000000,200,0,22370000000.0,1,0,0,0,1
21180,22430000000,100,0,22370000000.0,1,0,0,1,0
21181,22330000000,700,0,22385000000.0,1,0,0,0,1
21182,22340000000,100,0,22385000000.0,1,0,0,1,0
21183,22320000000,1403,0,22330000000.0,1,0,0,0,1
21184,22340000000,400,0,22330000000.0,1,0,0,1,0
21185,22340000000,300,0,22335000000.0,1,0,0,1,0
21186,22330000000,200,0,22335000000.0,1,0,0,0,1
21187,22330000000,200,0,22355000000.0,1,0,0,0,1
21188,22330000000,700,0,22355000000.0,1,0,0,0,1
21189,22330000000,6200,0,22345000000.0,1,0,0,0,1
21190,22340000000,100,0,22345000000.0,1,0,0,0,1
21191,22380000000,100,0,22305000000.0,1,0,0,1,0
21192,22230000000,200,0,22305000000.0,1,0,0,0,1
21193,22350000000,100,0,22345000000.0,1,0,0,1,0
21194,22340000000,500,0,22345000000.0,1,0,0,0,1
21195,22270000000,200,0,22310000000.0,1,0,0,0,1
21196,22350000000,2600,0,22310000000.0,1,0,0,1,0
21197,22350000000,2588,0,22345000000.0,1,0,0,1,0
21198,22350000000,800,0,22345000000.0,1,0,0,1,0
21199,22350000000,6200,0,22335000000.0,1,0,0,1,0
21200,22330000000,1403,0,22335000000.0,1,0,0,0,1
21201,22330000000,100,0,22355000000.0,1,0,0,0,1
21202,22340000000,400,0,22355000000.0,1,0,0,1,0
21203,22340000000,400,0,22325000000.0,1,0,0,1,0
21204,22240000000,1000,0,22325000000.0,1,0,0,0,1
21205,22340000000,300,0,22335000000.0,1,0,0,1,0
21206,22340000000,6200,0,22335000000.0,1,0,0,1,0
21207,22280000000,500,0,22310000000.0,1,0,0,0,1
21208,22340000000,2000,0,22310000000.0,1,0,0,1,0
21209,22320000000,1403,0,22330000000.0,1,0,0,0,1
21210,22280000000,200,0,22330000000.0,1,0,0,0,1
21211,22330000000,1298,3352,22335000000.0,0,0,1,0,1
21212,22320000000,100,0,22335000000.0,1,0,0,0,1
21213,22340000000,2200,0,22330000000.0,1,0,0,1,0
21214,22340000000,300,0,22330000000.0,1,0,0,1,0
21215,22340000000,300,0,22335000000.0,1,0,0,1,0
21216,22340000000,100,0,22335000000.0,1,0,0,1,0
21217,22270000000,300,0,22325000000.0,1,0,0,0,1
21218,22220000000,1000,0,22325000000.0,1,0,0,0,1
21219,22280000000,400,0,22315000000.0,1,0,0,0,1
21220,22310000000,100,0,22315000000.0,1,0,0,0,1
21221,22290000000,100,0,22310000000.0,1,0,0,0,1
21222,22230000000,200,0,22310000000.0,1,0,0,0,1
21223,22380000000,200,0,22325000000.0,1,0,0,1,0
21224,22320000000,100,0,22325000000.0,1,0,0,0,1
21225,22340000000,500,0,22330000000.0,1,0,0,1,0
21226,22280000000,200,0,22330000000.0,1,0,0,0,1
21227,22340000000,400,0,22325000000.0,1,0,0,1,0
21228,22320000000,500,0,22325000000.0,1,0,0,0,1
21229,22340000000,8600,8600,22330000000.0,0,1,0,1,0
21230,22320000000,1200,0,22330000000.0,1,0,0,0,1
21231,22320000000,7700,0,22325000000.0,1,0,0,0,1
21232,22320000000,100,0,22325000000.0,1,0,0,0,1
21233,22310000000,100,0,22360000000.0,1,0,0,0,1
21234,22340000000,500,0,22360000000.0,1,0,0,1,0
21235,22330000000,700,0,22325000000.0,1,0,0,1,0
21236,22230000000,200,0,22325000000.0,1,0,0,0,1
21237,22370000000,600,600,22345000000.0,0,1,0,1,0
21238,22320000000,214,0,22345000000.0,1,0,0,0,1
21239,22320000000,400,0,22325000000.0,1,0,0,0,1
21240,22380000000,100,0,22325000000.0,1,0,0,1,0
21241,22320000000,400,0,22340000000.0,1,0,0,0,1
21242,22300000000,2000,0,22340000000.0,1,0,0,0,1
21243,22330000000,100,0,22325000000.0,1,0,0,1,0
21244,22330000000,900,0,22325000000.0,1,0,0,0,1
21245,22330000000,100,0,22335000000.0,1,0,0,0,1
21246,22330000000,1961,0,22335000000.0,1,0,0,0,1
21247,22330000000,1000,0,22350000000.0,1,0,0,0,1
21248,22310000000,1200,800,22350000000.0,0,1,0,0,1
21249,22310000000,1600,1200,22325000000.0,0,1,0,0,1
21250,22350000000,3300,0,22325000000.0,1,0,0,1,0
21251,22360000000,2000,0,22335000000.0,1,0,0,1,0
21252,22340000000,6200,0,22335000000.0,1,0,0,1,0
21253,22340000000,300,0,22330000000.0,1,0,0,1,0
21254,22340000000,300,0,22330000000.0,1,0,0,1,0
21255,22340000000,400,0,22305000000.0,1,0,0,1,0
21256,22340000000,700,0,22305000000.0,1,0,0,1,0
21257,22330000000,300,0,22325000000.0,1,0,0,1,0
21258,22310000000,500,0,22325000000.0,1,0,0,0,1
21259,21190000000,100,100,22290000000.0,0,1,0,0,1
21260,22320000000,200,0,22290000000.0,1,0,0,0,1
21261,22320000000,500,0,22340000000.0,1,0,0,0,1
21262,22330000000,100,700,22340000000.0,0,0,1,1,0
21263,22370000000,600,600,22345000000.0,0,1,0,1,0
21264,22390000000,100,0,22345000000.0,1,0,0,1,0
21265,22340000000,500,0,22330000000.0,1,0,0,1,0
21266,22410000000,100,0,22330000000.0,1,0,0,1,0
21267,22250000000,200,0,22335000000.0,1,0,0,0,1
21268,22320000000,1200,1200,22335000000.0,0,1,0,0,1
21269,22330000000,500,0,22320000000.0,1,0,0,1,0
21270,22260000000,200,0,22320000000.0,1,0,0,0,1
21271,22320000000,200,0,22330000000.0,1,0,0,0,1
21272,22370000000,600,600,22330000000.0,0,1,0,1,0
21273,22360000000,100,0,22340000000.0,1,0,0,1,0
21274,22300000000,1900,0,22340000000.0,1,0,0,0,1
21275,22290000000,200,0,22320000000.0,1,0,0,0,1
21276,22330000000,300,0,22320000000.0,1,0,0,1,0
21277,22280000000,200,0,22325000000.0,1,0,0,0,1
21278,22330000000,100,0,22325000000.0,1,0,0,1,0
21279,22310000000,1403,0,22320000000.0,1,0,0,0,1
21280,22330000000,500,0,22320000000.0,1,0,0,1,0
21281,22330000000,100,100,22325000000.0,0,0,1,1,0
21282,22330000000,500,0,22325000000.0,1,0,0,1,0
21283,22330000000,200,0,22320000000.0,1,0,0,1,0
21284,22330000000,300,0,22320000000.0,1,0,0,1,0
21285,22330000000,100,0,22325000000.0,1,0,0,1,0
21286,22330000000,600,600,22325000000.0,0,1,0,1,0
21287,22330000000,6200,0,22320000000.0,1,0,0,1,0
21288,22330000000,500,0,22320000000.0,1,0,0,1,0
21289,22320000000,68,339,22325000000.0,0,0,1,0,1
21290,22330000000,300,0,22325000000.0,1,0,0,1,0
21291,21180000000,100,100,22310000000.0,0,1,0,0,1
21292,22330000000,300,0,22310000000.0,1,0,0,1,0
21293,22330000000,100,0,22315000000.0,1,0,0,1,0
21294,22310000000,100,0,22315000000.0,1,0,0,0,1
21295,22240000000,100,0,22350000000.0,1,0,0,0,1
21296,22330000000,200,0,22350000000.0,1,0,0,1,0
21297,22320000000,100,0,22315000000.0,1,0,0,1,0
21298,22340000000,2000,1700,22315000000.0,0,1,0,1,0
21299,22320000000,500,0,22250000000.0,1,0,0,1,0
21300,22380000000,300,0,22250000000.0,1,0,0,1,0
21301,22270000000,400,0,22305000000.0,1,0,0,0,1
21302,22270000000,1300,0,22305000000.0,1,0,0,0,1
21303,22280000000,100,0,22315000000.0,1,0,0,0,1
21304,22300000000,100,0,22315000000.0,1,0,0,0,1
21305,22320000000,100,0,22300000000.0,1,0,0,1,0
21306,22350000000,400,0,22300000000.0,1,0,0,1,0
21307,22230000000,1500,0,22315000000.0,1,0,0,0,1
21308,22320000000,6200,0,22315000000.0,1,0,0,1,0
21309,22300000000,100,0,22310000000.0,1,0,0,0,1
21310,22320000000,500,0,22310000000.0,1,0,0,1,0
21311,22320000000,6200,0,22315000000.0,1,0,0,1,0
21312,22310000000,1000,0,22315000000.0,1,0,0,0,1
21313,22310000000,6200,0,22330000000.0,1,0,0,0,1
21314,22350000000,400,400,22330000000.0,0,1,0,1,0
21315,22310000000,6200,0,22315000000.0,1,0,0,0,1
21316,22320000000,500,0,22315000000.0,1,0,0,1,0
21317,22290000000,700,0,22305000000.0,1,0,0,0,1
21318,22320000000,100,0,22305000000.0,1,0,0,1,0
21319,22320000000,400,0,22280000000.0,1,0,0,1,0
21320,22240000000,100,0,22280000000.0,1,0,0,0,1
21321,22320000000,1700,0,22310000000.0,1,0,0,1,0
21322,22320000000,4900,0,22310000000.0,1,0,0,1,0
21323,22320000000,6200,0,22315000000.0,1,0,0,1,0
21324,22320000000,6200,0,22315000000.0,1,0,0,1,0
21325,22290000000,500,0,22305000000.0,1,0,0,0,1
21326,22320000000,600,0,22305000000.0,1,0,0,1,0
21327,22320000000,6600,0,22315000000.0,1,0,0,1,0
21328,22320000000,8100,0,22315000000.0,1,0,0,1,0
21329,22310000000,400,798,22310000000.0,0,0,1,0,1
21330,22300000000,100,0,22310000000.0,1,0,0,0,1
21331,22310000000,400,400,22305000000.0,0,1,0,1,0
21332,22320000000,1400,2000,22305000000.0,0,1,0,1,0
21333,22260000000,400,0,22295000000.0,1,0,0,0,1
21334,22310000000,100,0,22295000000.0,1,0,0,1,0
21335,22270000000,100,0,22305000000.0,1,0,0,0,1
21336,22310000000,300,0,22305000000.0,1,0,0,1,0
21337,22310000000,6200,0,22275000000.0,1,0,0,1,0
21338,22310000000,1200,0,22275000000.0,1,0,0,1,0
21339,22310000000,6200,0,22295000000.0,1,0,0,1,0
21340,22310000000,6200,0,22295000000.0,1,0,0,1,0
21341,22310000000,6200,0,22305000000.0,1,0,0,1,0
21342,22290000000,200,0,22305000000.0,1,0,0,0,1
21343,22340000000,100,0,22310000000.0,1,0,0,1,0
21344,22270000000,1200,1200,22310000000.0,0,1,0,0,1
21345,22300000000,206,1394,22305000000.0,0,0,1,0,1
21346,22310000000,300,0,22305000000.0,1,0,0,1,0
21347,22310000000,8800,0,22295000000.0,1,0,0,1,0
21348,22310000000,300,0,22295000000.0,1,0,0,1,0
21349,22370000000,400,0,22325000000.0,1,0,0,1,0
21350,22150000000,200,0,22325000000.0,1,0,0,0,1
21351,22300000000,400,994,22305000000.0,0,0,1,0,1
21352,22310000000,9100,0,22305000000.0,1,0,0,1,0
21353,22270000000,800,0,22300000000.0,1,0,0,0,1
21354,22260000000,400,0,22300000000.0,1,0,0,0,1
21355,22300000000,300,0,22295000000.0,1,0,0,1,0
21356,22320000000,200,0,22295000000.0,1,0,0,1,0
21357,22280000000,800,0,22290000000.0,1,0,0,0,1
21358,22270000000,2200,0,22290000000.0,1,0,0,0,1
21359,22250000000,400,0,22285000000.0,1,0,0,0,1
21360,22260000000,1000,0,22285000000.0,1,0,0,0,1
21361,22240000000,200,0,22295000000.0,1,0,0,0,1
21362,22290000000,700,0,22295000000.0,1,0,0,0,1
21363,22290000000,1100,0,22310000000.0,1,0,0,0,1
21364,22330000000,400,400,22310000000.0,0,1,0,1,0
21365,22290000000,6400,0,22295000000.0,1,0,0,0,1
21366,22290000000,900,0,22295000000.0,1,0,0,0,1
21367,22260000000,800,0,22290000000.0,1,0,0,0,1
21368,22300000000,300,0,22290000000.0,1,0,0,1,0
21369,22260000000,200,0,22325000000.0,1,0,0,0,1
21370,22300000000,300,0,22325000000.0,1,0,0,1,0
21371,22280000000,1403,0,22290000000.0,1,0,0,0,1
21372,22300000000,400,0,22290000000.0,1,0,0,1,0
21373,22300000000,100,0,22295000000.0,1,0,0,1,0
21374,22300000000,300,0,22295000000.0,1,0,0,1,0
21375,22300000000,100,0,22290000000.0,1,0,0,1,0
21376,22300000000,300,0,22290000000.0,1,0,0,1,0
21377,22230000000,300,0,22265000000.0,1,0,0,0,1
21378,22300000000,700,0,22265000000.0,1,0,0,1,0
21379,22300000000,6400,0,22290000000.0,1,0,0,1,0
21380,22300000000,100,0,22290000000.0,1,0,0,1,0
21381,22300000000,6400,0,22270000000.0,1,0,0,1,0
21382,22240000000,300,0,22270000000.0,1,0,0,0,1
21383,22290000000,3400,0,22280000000.0,1,0,0,1,0
21384,22300000000,300,0,22280000000.0,1,0,0,1,0
21385,22110000000,400,0,22285000000.0,1,0,0,0,1
21386,22300000000,100,0,22285000000.0,1,0,0,1,0
21387,22300000000,300,0,22280000000.0,1,0,0,1,0
21388,22300000000,300,0,22280000000.0,1,0,0,1,0
21389,22300000000,300,0,22290000000.0,1,0,0,1,0
21390,21150000000,100,100,22290000000.0,0,1,0,0,1
21391,22310000000,100,0,22250000000.0,1,0,0,1,0
21392,22150000000,200,0,22250000000.0,1,0,0,0,1
21393,22300000000,100,0,22220000000.0,1,0,0,1,0
21394,22290000000,400,0,22220000000.0,1,0,0,1,0
21395,22280000000,200,0,22290000000.0,1,0,0,0,1
21396,22280000000,400,0,22290000000.0,1,0,0,0,1
21397,22280000000,6400,0,22305000000.0,1,0,0,0,1
21398,22330000000,600,600,22305000000.0,0,1,0,1,0
21399,22320000000,400,400,22300000000.0,0,1,0,1,0
21400,22280000000,6400,0,22300000000.0,1,0,0,0,1
21401,22280000000,300,0,22290000000.0,1,0,0,0,1
21402,22300000000,500,0,22290000000.0,1,0,0,1,0
21403,22270000000,100,0,22285000000.0,1,0,0,0,1
21404,22310000000,300,0,22285000000.0,1,0,0,1,0
21405,22240000000,400,0,22275000000.0,1,0,0,0,1
21406,22320000000,300,0,22275000000.0,1,0,0,1,0
21407,22290000000,8600,8600,22285000000.0,0,1,0,1,0
21408,22390000000,300,0,22285000000.0,1,0,0,1,0
21409,22240000000,200,0,22310000000.0,1,0,0,0,1
21410,22380000000,100,0,22310000000.0,1,0,0,1,0
21411,22280000000,6400,0,22290000000.0,1,0,0,0,1
21412,22280000000,900,0,22290000000.0,1,0,0,0,1
21413,22350000000,100,0,22315000000.0,1,0,0,1,0
21414,22290000000,400,0,22315000000.0,1,0,0,1,0
21415,22280000000,500,0,22300000000.0,1,0,0,0,1
21416,22280000000,6400,0,22300000000.0,1,0,0,0,1
21417,22290000000,10,0,22295000000.0,1,0,0,0,1
21418,22280000000,600,0,22295000000.0,1,0,0,0,1
21419,22340000000,600,600,22315000000.0,0,1,0,1,0
21420,22290000000,900,0,22315000000.0,1,0,0,0,1
21421,22300000000,100,0,22260000000.0,1,0,0,1,0
21422,22290000000,500,0,22260000000.0,1,0,0,0,1
21423,22290000000,6400,0,22310000000.0,1,0,0,0,1
21424,22290000000,6400,0,22310000000.0,1,0,0,0,1
21425,22310000000,8600,8600,22295000000.0,0,1,0,1,0
21426,22290000000,600,0,22295000000.0,1,0,0,0,1
21427,22290000000,100,0,22305000000.0,1,0,0,0,1
21428,22380000000,1000,0,22305000000.0,1,0,0,1,0
21429,22300000000,5000,0,22370000000.0,1,0,0,0,1
21430,22300000000,100,0,22370000000.0,1,0,0,0,1
21431,22220000000,100,0,22310000000.0,1,0,0,0,1
21432,22300000000,100,0,22310000000.0,1,0,0,0,1
21433,22310000000,300,0,22305000000.0,1,0,0,1,0
21434,22310000000,6400,0,22305000000.0,1,0,0,1,0
21435,22280000000,100,0,22295000000.0,1,0,0,0,1
21436,22320000000,100,0,22295000000.0,1,0,0,1,0
21437,22300000000,6400,0,22305000000.0,1,0,0,0,1
21438,22310000000,6700,0,22305000000.0,1,0,0,1,0
21439,22310000000,7800,0,22295000000.0,1,0,0,1,0
21440,22370000000,100,0,22295000000.0,1,0,0,1,0
21441,22300000000,400,0,22290000000.0,1,0,0,1,0
21442,22350000000,100,0,22290000000.0,1,0,0,1,0
21443,22340000000,600,600,22315000000.0,0,1,0,1,0
21444,22290000000,1000,0,22315000000.0,1,0,0,0,1
21445,22310000000,800,0,22300000000.0,1,0,0,1,0
21446,22280000000,1900,0,22300000000.0,1,0,0,0,1
21447,22270000000,2100,0,22285000000.0,1,0,0,0,1
21448,22290000000,4900,0,22285000000.0,1,0,0,0,1
21449,22290000000,300,0,22295000000.0,1,0,0,0,1
21450,22270000000,100,0,22295000000.0,1,0,0,0,1
21451,22290000000,500,0,22305000000.0,1,0,0,0,1
21452,22300000000,500,0,22305000000.0,1,0,0,0,1
21453,22300000000,6400,0,22325000000.0,1,0,0,0,1
21454,22300000000,500,0,22325000000.0,1,0,0,0,1
21455,22300000000,6400,0,22305000000.0,1,0,0,0,1
21456,22300000000,300,0,22305000000.0,1,0,0,0,1
21457,22400000000,300,0,22320000000.0,1,0,0,1,0
21458,22300000000,300,0,22320000000.0,1,0,0,0,1
21459,22360000000,500,0,22310000000.0,1,0,0,1,0
21460,22300000000,3300,0,22310000000.0,1,0,0,0,1
21461,22310000000,500,0,22315000000.0,1,0,0,0,1
21462,22300000000,500,0,22315000000.0,1,0,0,0,1
21463,22290000000,400,0,22320000000.0,1,0,0,0,1
21464,22220000000,1000,0,22320000000.0,1,0,0,0,1
21465,22310000000,298,6102,22315000000.0,0,0,1,0,1
21466,22320000000,300,0,22315000000.0,1,0,0,1,0
21467,22320000000,6400,0,22285000000.0,1,0,0,1,0
21468,22320000000,300,0,22285000000.0,1,0,0,1,0
21469,22290000000,1403,0,22300000000.0,1,0,0,0,1
21470,22310000000,700,0,22300000000.0,1,0,0,1,0
21471,22310000000,400,500,22305000000.0,0,1,0,1,0
21472,22320000000,300,0,22305000000.0,1,0,0,1,0
21473,22310000000,6400,0,22300000000.0,1,0,0,1,0
21474,22240000000,500,0,22300000000.0,1,0,0,0,1
21475,22310000000,161,0,22295000000.0,1,0,0,1,0
21476,22300000000,500,0,22295000000.0,1,0,0,1,0
21477,22300000000,300,0,22290000000.0,1,0,0,1,0
21478,22300000000,500,0,22290000000.0,1,0,0,1,0
21479,22310000000,300,0,22270000000.0,1,0,0,1,0
21480,22300000000,3300,0,22270000000.0,1,0,0,1,0
21481,22280000000,100,0,22290000000.0,1,0,0,0,1
21482,22290000000,2500,2500,22290000000.0,0,1,0,0,1
21483,22330000000,400,400,22310000000.0,0,1,0,1,0
21484,22290000000,6400,0,22310000000.0,1,0,0,0,1
21485,22290000000,100,0,22295000000.0,1,0,0,0,1
21486,22300000000,200,0,22295000000.0,1,0,0,1,0
21487,22290000000,6400,0,22300000000.0,1,0,0,0,1
21488,22290000000,6400,0,22300000000.0,1,0,0,0,1
21489,22290000000,6400,0,22305000000.0,1,0,0,0,1
21490,22310000000,400,0,22305000000.0,1,0,0,1,0
21491,22200000000,200,0,22275000000.0,1,0,0,0,1
21492,22290000000,2000,0,22275000000.0,1,0,0,0,1
21493,22310000000,300,0,22305000000.0,1,0,0,1,0
21494,22260000000,100,0,22305000000.0,1,0,0,0,1
21495,22300000000,500,0,22325000000.0,1,0,0,0,1
21496,22330000000,2300,0,22325000000.0,1,0,0,1,0
21497,22300000000,900,0,22315000000.0,1,0,0,0,1
21498,22310000000,300,0,22315000000.0,1,0,0,1,0
21499,22310000000,200,0,22305000000.0,1,0,0,1,0
21500,22300000000,900,0,22305000000.0,1,0,0,0,1
21501,22340000000,400,400,22320000000.0,0,1,0,1,0
21502,22300000000,1000,0,22320000000.0,1,0,0,0,1
21503,22300000000,300,0,22305000000.0,1,0,0,0,1
21504,22280000000,200,0,22305000000.0,1,0,0,0,1
21505,22300000000,400,0,22315000000.0,1,0,0,0,1
21506,22280000000,200,0,22315000000.0,1,0,0,0,1
21507,22310000000,5000,0,22340000000.0,1,0,0,0,1
21508,22450000000,200,0,22340000000.0,1,0,0,1,0
21509,22310000000,900,0,22315000000.0,1,0,0,0,1
21510,22320000000,500,0,22315000000.0,1,0,0,1,0
21511,22320000000,200,0,22310000000.0,1,0,0,1,0
21512,22420000000,1000,0,22310000000.0,1,0,0,1,0
21513,22260000000,200,0,22315000000.0,1,0,0,0,1
21514,22320000000,300,0,22315000000.0,1,0,0,1,0
21515,22320000000,400,0,22255000000.0,1,0,0,1,0
21516,22310000000,300,0,22255000000.0,1,0,0,0,1
21517,22310000000,400,0,22315000000.0,1,0,0,0,1
21518,22310000000,300,0,22315000000.0,1,0,0,0,1
21519,22310000000,6200,0,22360000000.0,1,0,0,0,1
21520,22240000000,200,0,22360000000.0,1,0,0,0,1
21521,22310000000,6200,0,22340000000.0,1,0,0,0,1
21522,22320000000,400,0,22340000000.0,1,0,0,1,0
21523,22310000000,6200,0,22330000000.0,1,0,0,0,1
21524,22310000000,6200,0,22330000000.0,1,0,0,0,1
21525,22320000000,300,0,22310000000.0,1,0,0,1,0
21526,22390000000,100,0,22310000000.0,1,0,0,1,0
21527,22290000000,700,0,22305000000.0,1,0,0,0,1
21528,22330000000,100,0,22305000000.0,1,0,0,1,0
21529,22320000000,400,400,22315000000.0,0,1,0,1,0
21530,22320000000,400,0,22315000000.0,1,0,0,1,0
21531,22320000000,200,0,22310000000.0,1,0,0,1,0
21532,22240000000,200,0,22310000000.0,1,0,0,0,1
21533,22310000000,300,0,22335000000.0,1,0,0,0,1
21534,22290000000,2500,0,22335000000.0,1,0,0,0,1
21535,22310000000,6200,0,22330000000.0,1,0,0,0,1
21536,22330000000,500,0,22330000000.0,1,0,0,1,0
21537,22190000000,200,0,22340000000.0,1,0,0,0,1
21538,22310000000,100,0,22340000000.0,1,0,0,0,1
21539,22310000000,6200,0,22330000000.0,1,0,0,0,1
21540,22310000000,900,0,22330000000.0,1,0,0,0,1
21541,22310000000,300,0,22320000000.0,1,0,0,0,1
21542,22310000000,1900,0,22320000000.0,1,0,0,0,1
21543,22320000000,500,0,22315000000.0,1,0,0,1,0
21544,22310000000,6000,0,22315000000.0,1,0,0,0,1
21545,22310000000,300,0,22330000000.0,1,0,0,0,1
21546,22310000000,400,0,22330000000.0,1,0,0,0,1
21547,22310000000,6000,0,22315000000.0,1,0,0,0,1
21548,22310000000,300,0,22315000000.0,1,0,0,0,1
21549,22310000000,400,0,22345000000.0,1,0,0,0,1
21550,22310000000,300,0,22345000000.0,1,0,0,0,1
21551,22310000000,300,0,22325000000.0,1,0,0,0,1
21552,22320000000,400,400,22325000000.0,0,1,0,0,1
21553,22330000000,100,0,22320000000.0,1,0,0,1,0
21554,22310000000,300,0,22320000000.0,1,0,0,0,1
21555,22310000000,300,0,22325000000.0,1,0,0,0,1
21556,22320000000,1403,0,22325000000.0,1,0,0,0,1
21557,22460000000,200,0,22390000000.0,1,0,0,1,0
21558,22300000000,200,0,22390000000.0,1,0,0,0,1
21559,22330000000,200,0,22320000000.0,1,0,0,1,0
21560,22330000000,300,0,22320000000.0,1,0,0,1,0
21561,22300000000,400,0,22330000000.0,1,0,0,0,1
21562,22330000000,300,0,22330000000.0,1,0,0,1,0
21563,22290000000,700,0,22320000000.0,1,0,0,0,1
21564,22330000000,300,0,22320000000.0,1,0,0,1,0
21565,22320000000,1500,1700,22325000000.0,0,1,0,0,1
21566,22330000000,400,0,22325000000.0,1,0,0,1,0
21567,22300000000,700,0,22315000000.0,1,0,0,0,1
21568,22330000000,6000,0,22315000000.0,1,0,0,1,0
21569,22320000000,300,0,22320000000.0,1,0,0,1,0
21570,22330000000,6000,0,22320000000.0,1,0,0,1,0
21571,22340000000,400,0,22315000000.0,1,0,0,1,0
21572,22320000000,300,0,22315000000.0,1,0,0,1,0
21573,22320000000,100,0,22310000000.0,1,0,0,1,0
21574,22360000000,600,600,22310000000.0,0,1,0,1,0
21575,22310000000,6000,0,22330000000.0,1,0,0,0,1
21576,22310000000,1403,0,22330000000.0,1,0,0,0,1
21577,22310000000,1913,0,22315000000.0,1,0,0,0,1
21578,22330000000,500,0,22315000000.0,1,0,0,1,0
21579,22310000000,6000,0,22360000000.0,1,0,0,0,1
21580,22310000000,1900,0,22360000000.0,1,0,0,0,1
21581,22310000000,6000,0,22315000000.0,1,0,0,0,1
21582,22360000000,200,0,22315000000.0,1,0,0,1,0
21583,22270000000,200,0,22330000000.0,1,0,0,0,1
21584,22290000000,1600,0,22330000000.0,1,0,0,0,1
21585,22310000000,300,0,22315000000.0,1,0,0,0,1
21586,22310000000,300,0,22315000000.0,1,0,0,0,1
21587,22310000000,400,0,22325000000.0,1,0,0,0,1
21588,22330000000,6000,0,22325000000.0,1,0,0,1,0
21589,22330000000,6000,0,22320000000.0,1,0,0,1,0
21590,22340000000,2000,0,22320000000.0,1,0,0,1,0
21591,22320000000,100,0,22330000000.0,1,0,0,0,1
21592,22330000000,400,0,22330000000.0,1,0,0,1,0
21593,22330000000,6000,0,22320000000.0,1,0,0,1,0
21594,22320000000,6000,0,22320000000.0,1,0,0,0,1
21595,22320000000,6000,0,22345000000.0,1,0,0,0,1
21596,22280000000,200,0,22345000000.0,1,0,0,0,1
21597,22330000000,2200,200,22325000000.0,0,0,1,1,0
21598,22320000000,6000,0,22325000000.0,1,0,0,0,1
21599,22330000000,324,7076,22330000000.0,0,0,1,1,0
21600,22340000000,100,0,22330000000.0,1,0,0,1,0
21601,22320000000,300,0,22340000000.0,1,0,0,0,1
21602,22330000000,100,0,22340000000.0,1,0,0,0,1
21603,22330000000,500,0,22355000000.0,1,0,0,0,1
21604,23470000000,100,100,22355000000.0,0,1,0,1,0
21605,22260000000,100,0,22370000000.0,1,0,0,0,1
21606,22340000000,700,0,22370000000.0,1,0,0,1,0
21607,22330000000,500,1200,22335000000.0,0,1,0,0,1
21608,22260000000,100,0,22335000000.0,1,0,0,0,1
21609,22310000000,400,0,22340000000.0,1,0,0,0,1
21610,22330000000,1403,0,22340000000.0,1,0,0,0,1
21611,22330000000,900,0,22335000000.0,1,0,0,0,1
21612,22310000000,200,0,22335000000.0,1,0,0,0,1
21613,22300000000,500,0,22330000000.0,1,0,0,0,1
21614,22340000000,300,0,22330000000.0,1,0,0,1,0
21615,22380000000,100,0,22345000000.0,1,0,0,1,0
21616,22330000000,6200,0,22345000000.0,1,0,0,0,1
21617,22250000000,1600,0,22335000000.0,1,0,0,0,1
21618,22380000000,100,0,22335000000.0,1,0,0,1,0
21619,22330000000,76,24,22330000000.0,0,0,1,0,1
21620,22330000000,100,0,22330000000.0,1,0,0,1,0
21621,22330000000,300,0,22325000000.0,1,0,0,1,0
21622,22330000000,300,0,22325000000.0,1,0,0,1,0
21623,21190000000,100,100,22290000000.0,0,1,0,0,1
21624,22330000000,300,0,22290000000.0,1,0,0,1,0
21625,22330000000,300,900,22320000000.0,0,1,0,1,0
21626,22330000000,500,0,22320000000.0,1,0,0,1,0
21627,22320000000,6000,0,22330000000.0,1,0,0,0,1
21628,22320000000,1100,0,22330000000.0,1,0,0,0,1
21629,22330000000,200,5800,22335000000.0,0,0,1,0,1
21630,22340000000,529,0,22335000000.0,1,0,0,1,0
21631,22370000000,529,0,22330000000.0,1,0,0,1,0
21632,22320000000,200,0,22330000000.0,1,0,0,0,1
21633,22330000000,6000,0,22350000000.0,1,0,0,0,1
21634,22290000000,200,0,22350000000.0,1,0,0,0,1
21635,22330000000,300,0,22360000000.0,1,0,0,0,1
21636,22340000000,2300,0,22360000000.0,1,0,0,1,0
21637,22330000000,300,0,22335000000.0,1,0,0,0,1
21638,22330000000,500,0,22335000000.0,1,0,0,0,1
21639,22330000000,6000,0,22350000000.0,1,0,0,0,1
21640,22330000000,500,0,22350000000.0,1,0,0,0,1
21641,22340000000,192,2433,22335000000.0,0,0,1,1,0
21642,22340000000,300,0,22335000000.0,1,0,0,1,0
21643,22320000000,1403,0,22330000000.0,1,0,0,0,1
21644,22340000000,6200,0,22330000000.0,1,0,0,1,0
21645,22260000000,200,0,22300000000.0,1,0,0,0,1
21646,22330000000,300,0,22300000000.0,1,0,0,0,1
21647,22250000000,100,0,22345000000.0,1,0,0,0,1
21648,22330000000,100,0,22345000000.0,1,0,0,0,1
21649,22330000000,100,0,22365000000.0,1,0,0,0,1
21650,22330000000,300,0,22365000000.0,1,0,0,0,1
21651,22330000000,10000,0,22345000000.0,1,0,0,0,1
21652,22330000000,6200,0,22345000000.0,1,0,0,0,1
21653,22330000000,3000,0,22335000000.0,1,0,0,0,1
21654,22330000000,6200,0,22335000000.0,1,0,0,0,1
21655,22480000000,200,0,22405000000.0,1,0,0,1,0
21656,22330000000,6200,0,22405000000.0,1,0,0,0,1
21657,22350000000,529,529,22340000000.0,0,1,0,1,0
21658,22390000000,529,0,22340000000.0,1,0,0,1,0
21659,22330000000,6200,0,22335000000.0,1,0,0,0,1
21660,22350000000,500,0,22335000000.0,1,0,0,1,0
21661,22310000000,200,0,22355000000.0,1,0,0,0,1
21662,22350000000,500,0,22355000000.0,1,0,0,1,0
21663,22330000000,1000,0,22335000000.0,1,0,0,0,1
21664,22330000000,6200,0,22335000000.0,1,0,0,0,1
21665,22320000000,200,0,22365000000.0,1,0,0,0,1
21666,22350000000,500,0,22365000000.0,1,0,0,1,0
21667,22330000000,300,0,22335000000.0,1,0,0,0,1
21668,22440000000,400,400,22335000000.0,0,1,0,1,0
21669,22340000000,300,0,22330000000.0,1,0,0,1,0
21670,22320000000,100,0,22330000000.0,1,0,0,0,1
21671,22330000000,6400,0,22335000000.0,1,0,0,0,1
21672,22340000000,165,35,22335000000.0,0,0,1,1,0
21673,22330000000,500,0,22345000000.0,1,0,0,0,1
21674,22340000000,200,0,22345000000.0,1,0,0,0,1
21675,23470000000,100,100,22380000000.0,0,1,0,1,0
21676,22350000000,500,0,22380000000.0,1,0,0,1,0
21677,22330000000,200,0,22340000000.0,1,0,0,0,1
21678,22390000000,200,0,22340000000.0,1,0,0,1,0
21679,22310000000,100,0,22345000000.0,1,0,0,0,1
21680,22340000000,1000,0,22345000000.0,1,0,0,0,1
21681,22340000000,500,0,22360000000.0,1,0,0,0,1
21682,22350000000,400,0,22360000000.0,1,0,0,1,0
21683,22310000000,1000,0,22340000000.0,1,0,0,0,1
21684,22320000000,100,0,22340000000.0,1,0,0,0,1
21685,22340000000,6400,0,22360000000.0,1,0,0,0,1
21686,22390000000,100,0,22360000000.0,1,0,0,1,0
21687,22340000000,6400,0,22345000000.0,1,0,0,0,1
21688,22340000000,100,0,22345000000.0,1,0,0,0,1
21689,22370000000,100,0,22350000000.0,1,0,0,1,0
21690,21220000000,100,100,22350000000.0,0,1,0,0,1
21691,22350000000,10,0,22355000000.0,1,0,0,0,1
21692,22350000000,200,0,22355000000.0,1,0,0,0,1
21693,22440000000,500,0,22350000000.0,1,0,0,1,0
21694,22430000000,100,0,22350000000.0,1,0,0,1,0
21695,22360000000,500,0,22345000000.0,1,0,0,1,0
21696,22360000000,600,0,22345000000.0,1,0,0,1,0
21697,22360000000,191,609,22355000000.0,0,0,1,1,0
21698,22350000000,1600,0,22355000000.0,1,0,0,0,1
21699,22390000000,400,0,22360000000.0,1,0,0,1,0
21700,22390000000,2683,0,22360000000.0,1,0,0,1,0
21701,22320000000,1000,0,22350000000.0,1,0,0,0,1
21702,22340000000,100,0,22350000000.0,1,0,0,0,1
21703,22270000000,100,0,22355000000.0,1,0,0,0,1
21704,22360000000,6400,0,22355000000.0,1,0,0,1,0
21705,22290000000,500,0,22325000000.0,1,0,0,0,1
21706,22360000000,300,0,22325000000.0,1,0,0,1,0
21707,22360000000,3000,0,22345000000.0,1,0,0,1,0
21708,22360000000,1000,0,22345000000.0,1,0,0,1,0
21709,22340000000,100,0,22350000000.0,1,0,0,0,1
21710,22290000000,200,0,22350000000.0,1,0,0,0,1
21711,22320000000,700,0,22335000000.0,1,0,0,0,1
21712,22350000000,2,0,22335000000.0,1,0,0,1,0
21713,22350000000,5000,0,22340000000.0,1,0,0,1,0
21714,22260000000,1000,0,22340000000.0,1,0,0,0,1
21715,22350000000,6400,0,22345000000.0,1,0,0,1,0
21716,22350000000,6400,0,22345000000.0,1,0,0,1,0
21717,22350000000,6400,0,22340000000.0,1,0,0,1,0
21718,23470000000,100,100,22340000000.0,0,1,0,1,0
21719,22340000000,400,400,22335000000.0,0,1,0,1,0
21720,22330000000,300,0,22335000000.0,1,0,0,0,1
21721,22300000000,400,0,22330000000.0,1,0,0,0,1
21722,22330000000,900,0,22330000000.0,1,0,0,0,1
21723,22240000000,100,0,22335000000.0,1,0,0,0,1
21724,22330000000,100,0,22335000000.0,1,0,0,0,1
21725,22300000000,1000,0,22330000000.0,1,0,0,0,1
21726,22320000000,1600,1300,22330000000.0,0,1,0,0,1
21727,22290000000,200,0,22340000000.0,1,0,0,0,1
21728,22340000000,400,0,22340000000.0,1,0,0,1,0
21729,22340000000,300,400,22335000000.0,0,1,0,1,0
21730,22340000000,300,400,22335000000.0,0,1,0,1,0
21731,22360000000,2400,0,22345000000.0,1,0,0,1,0
21732,22340000000,1000,0,22345000000.0,1,0,0,0,1
21733,22280000000,200,0,22315000000.0,1,0,0,0,1
21734,22320000000,400,0,22315000000.0,1,0,0,0,1
21735,22340000000,900,0,22365000000.0,1,0,0,0,1
21736,22260000000,1700,0,22365000000.0,1,0,0,0,1
21737,22350000000,529,529,22340000000.0,0,1,0,1,0
21738,22350000000,100,0,22340000000.0,1,0,0,1,0
21739,22350000000,400,0,22345000000.0,1,0,0,1,0
21740,22220000000,200,0,22345000000.0,1,0,0,0,1
21741,22350000000,1200,0,22295000000.0,1,0,0,1,0
21742,22210000000,200,0,22295000000.0,1,0,0,0,1
21743,22350000000,400,0,22345000000.0,1,0,0,1,0
21744,22330000000,500,0,22345000000.0,1,0,0,0,1
21745,22310000000,1000,0,22340000000.0,1,0,0,0,1
21746,22350000000,300,0,22340000000.0,1,0,0,1,0
21747,22340000000,100,0,22345000000.0,1,0,0,0,1
21748,22350000000,300,0,22345000000.0,1,0,0,1,0
21749,22330000000,1000,10400,22335000000.0,0,0,1,0,1
21750,22370000000,300,0,22335000000.0,1,0,0,1,0
21751,22340000000,300,0,22305000000.0,1,0,0,1,0
21752,22340000000,1900,0,22305000000.0,1,0,0,1,0
21753,22340000000,6400,0,22335000000.0,1,0,0,1,0
21754,22340000000,400,0,22335000000.0,1,0,0,1,0
21755,22270000000,300,0,22305000000.0,1,0,0,0,1
21756,22340000000,300,0,22305000000.0,1,0,0,1,0
21757,22280000000,200,0,22325000000.0,1,0,0,0,1
21758,22320000000,6400,0,22325000000.0,1,0,0,0,1
21759,22410000000,500,0,22365000000.0,1,0,0,1,0
21760,22320000000,6400,0,22365000000.0,1,0,0,0,1
21761,22320000000,100,0,22325000000.0,1,0,0,0,1
21762,22360000000,100,0,22325000000.0,1,0,0,1,0
21763,22290000000,400,0,22320000000.0,1,0,0,0,1
21764,22330000000,400,0,22320000000.0,1,0,0,1,0
21765,22280000000,400,0,22305000000.0,1,0,0,0,1
21766,22330000000,900,0,22305000000.0,1,0,0,1,0
21767,22330000000,400,0,22320000000.0,1,0,0,1,0
21768,22370000000,300,0,22320000000.0,1,0,0,1,0
21769,22330000000,6400,0,22300000000.0,1,0,0,1,0
21770,22330000000,6200,0,22300000000.0,1,0,0,1,0
21771,22330000000,300,0,22320000000.0,1,0,0,1,0
21772,22180000000,200,0,22320000000.0,1,0,0,0,1
21773,22330000000,6200,0,22285000000.0,1,0,0,1,0
21774,22320000000,100,0,22285000000.0,1,0,0,0,1
21775,22320000000,300,0,22325000000.0,1,0,0,0,1
21776,22330000000,500,1200,22325000000.0,0,1,0,1,0
21777,22330000000,300,0,22320000000.0,1,0,0,1,0
21778,23450000000,100,100,22320000000.0,0,1,0,1,0
21779,22320000000,900,0,22315000000.0,1,0,0,1,0
21780,22300000000,500,0,22315000000.0,1,0,0,0,1
21781,21180000000,100,100,21750000000.0,0,1,0,0,1
21782,22300000000,1403,0,21750000000.0,1,0,0,0,1
21783,22280000000,100,0,22315000000.0,1,0,0,0,1
21784,22350000000,300,0,22315000000.0,1,0,0,1,0
21785,22280000000,400,0,22310000000.0,1,0,0,0,1
21786,22220000000,1000,0,22310000000.0,1,0,0,0,1
21787,22320000000,6200,0,22315000000.0,1,0,0,1,0
21788,22320000000,400,0,22315000000.0,1,0,0,1,0
21789,22320000000,6200,0,22265000000.0,1,0,0,1,0
21790,22320000000,2000,0,22265000000.0,1,0,0,1,0
21791,22310000000,300,0,22315000000.0,1,0,0,0,1
21792,22290000000,100,0,22315000000.0,1,0,0,0,1
21793,22190000000,200,0,22255000000.0,1,0,0,0,1
21794,22310000000,500,0,22255000000.0,1,0,0,0,1
21795,22310000000,6200,0,22335000000.0,1,0,0,0,1
21796,22330000000,100,0,22335000000.0,1,0,0,1,0
21797,22320000000,500,0,22315000000.0,1,0,0,1,0
21798,22300000000,1600,0,22315000000.0,1,0,0,0,1
21799,22300000000,1403,0,22310000000.0,1,0,0,0,1
21800,22320000000,1600,0,22310000000.0,1,0,0,1,0
21801,22320000000,6000,0,22315000000.0,1,0,0,1,0
21802,22320000000,100,0,22315000000.0,1,0,0,1,0
21803,22320000000,700,0,22305000000.0,1,0,0,1,0
21804,22340000000,300,0,22305000000.0,1,0,0,1,0
21805,22270000000,400,0,22300000000.0,1,0,0,0,1
21806,22310000000,400,0,22300000000.0,1,0,0,1,0
21807,22250000000,300,0,22285000000.0,1,0,0,0,1
21808,22310000000,6000,0,22285000000.0,1,0,0,1,0
21809,22310000000,6000,0,22300000000.0,1,0,0,1,0
21810,22310000000,100,0,22300000000.0,1,0,0,1,0
21811,22310000000,600,900,22305000000.0,0,1,0,1,0
21812,22300000000,100,0,22305000000.0,1,0,0,0,1
21813,22310000000,6000,0,22250000000.0,1,0,0,1,0
21814,22310000000,500,0,22250000000.0,1,0,0,1,0
21815,22300000000,300,700,22305000000.0,0,0,1,0,1
21816,22210000000,200,0,22305000000.0,1,0,0,0,1
21817,22310000000,500,0,22300000000.0,1,0,0,1,0
21818,22300000000,1000,0,22300000000.0,1,0,0,0,1
21819,22300000000,100,0,22305000000.0,1,0,0,0,1
21820,22300000000,1100,0,22305000000.0,1,0,0,0,1
21821,22350000000,529,529,22325000000.0,0,1,0,1,0
21822,22300000000,200,0,22325000000.0,1,0,0,0,1
21823,22340000000,400,400,22320000000.0,0,1,0,1,0
21824,22300000000,6000,0,22320000000.0,1,0,0,0,1
21825,22300000000,100,0,22310000000.0,1,0,0,0,1
21826,22260000000,200,0,22310000000.0,1,0,0,0,1
21827,22300000000,300,0,22330000000.0,1,0,0,0,1
21828,22300000000,97,300,22330000000.0,0,1,0,0,1
21829,22300000000,6300,0,22335000000.0,1,0,0,0,1
21830,22300000000,300,0,22335000000.0,1,0,0,0,1
21831,22300000000,300,0,22320000000.0,1,0,0,0,1
21832,22300000000,200,0,22320000000.0,1,0,0,0,1
21833,22300000000,300,0,22310000000.0,1,0,0,0,1
21834,22300000000,100,0,22310000000.0,1,0,0,0,1
21835,22240000000,100,0,22315000000.0,1,0,0,0,1
21836,22310000000,6400,6400,22315000000.0,0,1,0,0,1
21837,22320000000,6000,0,22310000000.0,1,0,0,1,0
21838,22300000000,100,0,22310000000.0,1,0,0,0,1
21839,22310000000,100,0,22315000000.0,1,0,0,0,1
21840,22320000000,100,0,22315000000.0,1,0,0,1,0
21841,22320000000,100,0,22310000000.0,1,0,0,1,0
21842,22300000000,1403,0,22310000000.0,1,0,0,0,1
21843,22320000000,500,0,22315000000.0,1,0,0,1,0
21844,22320000000,100,0,22315000000.0,1,0,0,1,0
21845,22330000000,800,0,22270000000.0,1,0,0,1,0
21846,22310000000,100,0,22270000000.0,1,0,0,0,1
21847,22310000000,48,52,22315000000.0,0,0,1,0,1
21848,22320000000,300,0,22315000000.0,1,0,0,1,0
21849,22310000000,6600,0,22305000000.0,1,0,0,1,0
21850,22300000000,300,0,22305000000.0,1,0,0,0,1
21851,22300000000,5800,0,22325000000.0,1,0,0,0,1
21852,22300000000,600,0,22325000000.0,1,0,0,0,1
21853,22300000000,700,0,22310000000.0,1,0,0,0,1
21854,22370000000,100,0,22310000000.0,1,0,0,1,0
21855,22300000000,300,600,22305000000.0,0,1,0,0,1
21856,22300000000,900,0,22305000000.0,1,0,0,0,1
21857,22300000000,5800,0,22320000000.0,1,0,0,0,1
21858,22300000000,300,0,22320000000.0,1,0,0,0,1
21859,22310000000,5800,0,22305000000.0,1,0,0,1,0
21860,22300000000,300,0,22305000000.0,1,0,0,0,1
21861,22350000000,529,529,22325000000.0,0,1,0,1,0
21862,22300000000,900,0,22325000000.0,1,0,0,0,1
21863,22300000000,300,0,22310000000.0,1,0,0,0,1
21864,22300000000,900,0,22310000000.0,1,0,0,0,1
21865,22300000000,5800,0,22320000000.0,1,0,0,0,1
21866,22320000000,100,0,22320000000.0,1,0,0,1,0
21867,22300000000,900,0,22305000000.0,1,0,0,0,1
21868,22300000000,300,0,22305000000.0,1,0,0,0,1
21869,22250000000,400,0,22310000000.0,1,0,0,0,1
21870,22300000000,300,0,22310000000.0,1,0,0,0,1
21871,22310000000,300,8400,22315000000.0,0,0,1,0,1
21872,22300000000,300,0,22315000000.0,1,0,0,0,1
21873,22320000000,1040,0,22280000000.0,1,0,0,1,0
21874,22320000000,700,0,22280000000.0,1,0,0,1,0
21875,22320000000,529,529,22310000000.0,0,1,0,1,0
21876,22310000000,500,0,22310000000.0,1,0,0,0,1
21877,22310000000,1300,4400,22315000000.0,0,0,1,0,1
21878,22320000000,300,0,22315000000.0,1,0,0,1,0
21879,22320000000,5800,0,22305000000.0,1,0,0,1,0
21880,22300000000,5800,0,22305000000.0,1,0,0,0,1
21881,22230000000,100,0,22270000000.0,1,0,0,0,1
21882,22320000000,200,0,22270000000.0,1,0,0,1,0
21883,22320000000,100,0,22305000000.0,1,0,0,1,0
21884,22270000000,100,0,22305000000.0,1,0,0,0,1
21885,22260000000,200,0,22320000000.0,1,0,0,0,1
21886,22300000000,1200,1200,22320000000.0,0,1,0,0,1
21887,22310000000,200,0,22305000000.0,1,0,0,1,0
21888,22310000000,300,0,22305000000.0,1,0,0,1,0
21889,22310000000,300,0,22300000000.0,1,0,0,1,0
21890,22280000000,1200,1200,22300000000.0,0,1,0,0,1
21891,22300000000,200,400,22305000000.0,0,0,1,0,1
21892,22280000000,100,0,22305000000.0,1,0,0,0,1
21893,22310000000,100,0,22300000000.0,1,0,0,1,0
21894,22310000000,7400,0,22300000000.0,1,0,0,1,0
21895,22300000000,3500,0,22290000000.0,1,0,0,1,0
21896,22300000000,300,0,22290000000.0,1,0,0,1,0
21897,22300000000,100,0,22295000000.0,1,0,0,1,0
21898,22300000000,300,400,22295000000.0,0,1,0,1,0
21899,22290000000,200,0,22330000000.0,1,0,0,0,1
21900,22300000000,731,0,22330000000.0,1,0,0,1,0
21901,22210000000,500,0,22295000000.0,1,0,0,0,1
21902,22280000000,100,0,22295000000.0,1,0,0,0,1
21903,22300000000,900,0,22260000000.0,1,0,0,1,0
21904,22310000000,5000,0,22260000000.0,1,0,0,1,0
21905,22300000000,100,0,22290000000.0,1,0,0,1,0
21906,22290000000,100,0,22290000000.0,1,0,0,0,1
21907,22260000000,100,0,22295000000.0,1,0,0,0,1
21908,22220000000,200,0,22295000000.0,1,0,0,0,1
21909,22260000000,100,0,22290000000.0,1,0,0,0,1
21910,22340000000,100,0,22290000000.0,1,0,0,1,0
21911,22300000000,5800,0,22245000000.0,1,0,0,1,0
21912,22320000000,200,0,22245000000.0,1,0,0,1,0
21913,22290000000,300,577,22295000000.0,0,0,1,0,1
21914,22290000000,100,0,22295000000.0,1,0,0,0,1
21915,22290000000,500,0,22315000000.0,1,0,0,0,1
21916,22300000000,100,0,22315000000.0,1,0,0,1,0
21917,22330000000,100,0,22305000000.0,1,0,0,1,0
21918,22290000000,2500,2500,22305000000.0,0,1,0,0,1
21919,22340000000,529,529,22315000000.0,0,1,0,1,0
21920,22390000000,1000,0,22315000000.0,1,0,0,1,0
21921,22180000000,1700,0,22280000000.0,1,0,0,0,1
21922,22370000000,200,0,22280000000.0,1,0,0,1,0
21923,22320000000,900,0,22305000000.0,1,0,0,1,0
21924,22290000000,5800,0,22305000000.0,1,0,0,0,1
21925,22290000000,5800,0,22310000000.0,1,0,0,0,1
21926,22290000000,100,0,22310000000.0,1,0,0,0,1
21927,22290000000,6300,0,22295000000.0,1,0,0,0,1
21928,22290000000,6300,0,22295000000.0,1,0,0,0,1
21929,22290000000,100,0,22305000000.0,1,0,0,0,1
21930,22310000000,100,0,22305000000.0,1,0,0,1,0
21931,22380000000,100,0,22270000000.0,1,0,0,1,0
21932,22310000000,1090,0,22270000000.0,1,0,0,1,0
21933,22310000000,2700,2900,22305000000.0,0,1,0,1,0
21934,22370000000,100,0,22305000000.0,1,0,0,1,0
21935,22310000000,400,0,22300000000.0,1,0,0,1,0
21936,22300000000,100,0,22300000000.0,1,0,0,0,1
21937,22310000000,2453,0,22260000000.0,1,0,0,1,0
21938,22300000000,300,0,22260000000.0,1,0,0,0,1
21939,22310000000,800,0,22305000000.0,1,0,0,1,0
21940,22300000000,1900,0,22305000000.0,1,0,0,0,1
21941,22300000000,5400,0,22310000000.0,1,0,0,0,1
21942,26880000000,1100,0,22310000000.0,1,0,0,1,0
21943,22300000000,5400,0,22305000000.0,1,0,0,0,1
21944,22330000000,2300,0,22305000000.0,1,0,0,1,0
21945,22300000000,6200,0,22315000000.0,1,0,0,0,1
21946,22320000000,690,0,22315000000.0,1,0,0,1,0
21947,22300000000,200,0,22310000000.0,1,0,0,0,1
21948,22330000000,100,0,22310000000.0,1,0,0,1,0
21949,22310000000,2500,5000,22315000000.0,0,1,0,0,1
21950,22220000000,200,0,22315000000.0,1,0,0,0,1
21951,22260000000,200,0,22325000000.0,1,0,0,0,1
21952,22320000000,100,0,22325000000.0,1,0,0,1,0
21953,22360000000,529,529,22330000000.0,0,1,0,1,0
21954,22310000000,300,0,22330000000.0,1,0,0,0,1
21955,22310000000,5400,0,22340000000.0,1,0,0,0,1
21956,22310000000,400,0,22340000000.0,1,0,0,0,1
21957,22310000000,400,0,22360000000.0,1,0,0,0,1
21958,22310000000,300,0,22360000000.0,1,0,0,0,1
21959,22310000000,1100,0,22325000000.0,1,0,0,0,1
21960,22400000000,100,0,22325000000.0,1,0,0,1,0
21961,22300000000,400,0,22330000000.0,1,0,0,0,1
21962,22350000000,100,0,22330000000.0,1,0,0,1,0
21963,22280000000,200,0,22325000000.0,1,0,0,0,1
21964,22330000000,100,0,22325000000.0,1,0,0,1,0
21965,22330000000,300,0,22320000000.0,1,0,0,1,0
21966,22330000000,200,0,22320000000.0,1,0,0,1,0
21967,22330000000,813,0,22315000000.0,1,0,0,1,0
21968,22310000000,500,800,22315000000.0,0,1,0,0,1
21969,22300000000,200,0,22340000000.0,1,0,0,0,1
21970,22390000000,100,0,22340000000.0,1,0,0,1,0
21971,22320000000,34,179,22315000000.0,0,0,1,1,0
21972,22310000000,5200,0,22315000000.0,1,0,0,0,1
21973,22310000000,5200,0,22325000000.0,1,0,0,0,1
21974,22330000000,500,0,22325000000.0,1,0,0,1,0
21975,22320000000,600,0,22390000000.0,1,0,0,0,1
21976,22320000000,700,0,22390000000.0,1,0,0,0,1
21977,22320000000,500,0,22340000000.0,1,0,0,0,1
21978,22320000000,400,0,22340000000.0,1,0,0,0,1
21979,22320000000,200,400,22325000000.0,0,1,0,0,1
21980,22310000000,1403,0,22325000000.0,1,0,0,0,1
21981,22330000000,900,0,22320000000.0,1,0,0,1,0
21982,22330000000,300,0,22320000000.0,1,0,0,1,0
21983,22280000000,200,0,22305000000.0,1,0,0,0,1
21984,22220000000,200,0,22305000000.0,1,0,0,0,1
21985,22320000000,400,200,22320000000.0,0,0,1,0,1
21986,22320000000,500,0,22320000000.0,1,0,0,1,0
21987,22320000000,400,400,22315000000.0,0,1,0,1,0
21988,22330000000,100,0,22315000000.0,1,0,0,1,0
21989,23450000000,100,100,22255000000.0,0,1,0,1,0
21990,22320000000,300,0,22255000000.0,1,0,0,1,0
21991,22320000000,100,500,21750000000.0,0,0,1,1,0
21992,22220000000,100,0,21750000000.0,1,0,0,0,1
21993,22310000000,500,0,22330000000.0,1,0,0,0,1
21994,22310000000,1900,0,22330000000.0,1,0,0,0,1
21995,22310000000,5200,0,22315000000.0,1,0,0,0,1
21996,22310000000,6600,0,22315000000.0,1,0,0,0,1
21997,22310000000,5200,0,22325000000.0,1,0,0,0,1
21998,22320000000,1000,0,22325000000.0,1,0,0,0,1
21999,22360000000,400,400,22340000000.0,0,1,0,1,0
22000,22460000000,200,0,22340000000.0,1,0,0,1,0
22001,22320000000,5200,0,22325000000.0,1,0,0,0,1
22002,22350000000,500,0,22325000000.0,1,0,0,1,0
22003,22270000000,400,0,22340000000.0,1,0,0,0,1
22004,22400000000,400,0,22340000000.0,1,0,0,1,0
22005,22330000000,400,500,22335000000.0,0,1,0,0,1
22006,22410000000,1000,0,22335000000.0,1,0,0,1,0
22007,22340000000,500,0,22300000000.0,1,0,0,1,0
22008,22310000000,200,0,22300000000.0,1,0,0,0,1
22009,22340000000,5200,0,22335000000.0,1,0,0,1,0
22010,22340000000,300,0,22335000000.0,1,0,0,1,0
22011,22320000000,100,0,22330000000.0,1,0,0,0,1
22012,22270000000,500,0,22330000000.0,1,0,0,0,1
22013,22340000000,529,0,22325000000.0,1,0,0,1,0
22014,22320000000,100,0,22325000000.0,1,0,0,0,1
22015,22330000000,300,0,22320000000.0,1,0,0,1,0
22016,22320000000,100,0,22320000000.0,1,0,0,0,1
22017,22320000000,300,0,22345000000.0,1,0,0,0,1
22018,22320000000,5200,0,22345000000.0,1,0,0,0,1
22019,22360000000,100,0,22325000000.0,1,0,0,1,0
22020,22330000000,300,0,22325000000.0,1,0,0,1,0
22021,22330000000,5200,0,22320000000.0,1,0,0,1,0
22022,22330000000,4000,0,22320000000.0,1,0,0,1,0
22023,22330000000,5200,0,22315000000.0,1,0,0,1,0
22024,22320000000,500,0,22315000000.0,1,0,0,1,0
22025,22240000000,100,0,22280000000.0,1,0,0,0,1
22026,22330000000,489,0,22280000000.0,1,0,0,1,0
22027,22300000000,100,0,22310000000.0,1,0,0,0,1
22028,22320000000,500,800,22310000000.0,0,1,0,1,0
22029,22310000000,500,0,22335000000.0,1,0,0,0,1
22030,22300000000,100,0,22335000000.0,1,0,0,0,1
22031,22310000000,5200,0,22315000000.0,1,0,0,0,1
22032,22310000000,800,0,22315000000.0,1,0,0,0,1
22033,22310000000,100,800,22330000000.0,0,1,0,0,1
22034,22730000000,3278,0,22330000000.0,1,0,0,1,0
22035,22290000000,700,0,22310000000.0,1,0,0,0,1
22036,22320000000,700,0,22310000000.0,1,0,0,1,0
22037,22310000000,800,0,22335000000.0,1,0,0,0,1
22038,22310000000,5200,0,22335000000.0,1,0,0,0,1
22039,22350000000,400,400,22330000000.0,0,1,0,1,0
22040,22320000000,529,529,22330000000.0,0,1,0,1,0
22041,22320000000,100,0,22315000000.0,1,0,0,1,0
22042,22280000000,200,0,22315000000.0,1,0,0,0,1
22043,22310000000,800,0,22335000000.0,1,0,0,0,1
22044,22310000000,300,0,22335000000.0,1,0,0,0,1
22045,22230000000,200,0,22290000000.0,1,0,0,0,1
22046,22320000000,100,0,22290000000.0,1,0,0,1,0
22047,22360000000,529,529,22335000000.0,0,1,0,1,0
22048,22340000000,2400,0,22335000000.0,1,0,0,1,0
22049,22310000000,500,0,22330000000.0,1,0,0,0,1
22050,22310000000,300,0,22330000000.0,1,0,0,0,1
22051,22320000000,71,229,22315000000.0,0,0,1,1,0
22052,22310000000,4600,0,22315000000.0,1,0,0,0,1
22053,22310000000,5000,0,22320000000.0,1,0,0,0,1
22054,22260000000,400,0,22320000000.0,1,0,0,0,1
22055,22320000000,10,0,22325000000.0,1,0,0,0,1
22056,22310000000,300,0,22325000000.0,1,0,0,0,1
